symbol,name,last_price,change_amount,pct_change,买入,卖出,昨收,今开,最高,最低,volume,turnover,时间戳,data_time,fetch_time,source,freshness_seconds
bj920000,安徽凤凰,12.03,0.3,2.558,12.01,12.03,11.73,11.69,12.12,11.69,974118.0,11673627.0,14:22:53,2026-07-03T14:23:17+08:00,2026-07-03T14:23:17+08:00,akshare_stock_zh_a_spot,0
bj920001,纬达光电,14.56,0.11,0.761,14.56,14.58,14.45,14.33,14.67,14.23,2447500.0,35367216.0,14:22:53,2026-07-03T14:23:17+08:00,2026-07-03T14:23:17+08:00,akshare_stock_zh_a_spot,0
bj920002,万达轴承,64.59,11.99,22.795,64.58,64.59,52.6,53.0,66.66,52.15,4942702.0,301369336.0,14:22:53,2026-07-03T14:23:17+08:00,2026-07-03T14:23:17+08:00,akshare_stock_zh_a_spot,0
bj920003,中诚咨询,26.92,0.42,1.585,26.85,26.93,26.5,26.51,26.95,26.51,254615.0,6820043.0,14:22:53,2026-07-03T14:23:17+08:00,2026-07-03T14:23:17+08:00,akshare_stock_zh_a_spot,0
bj920005,鼎佳精密,27.39,0.72,2.7,27.32,27.43,26.67,26.8,27.5,26.79,255452.0,6933325.0,14:22:53,2026-07-03T14:23:17+08:00,2026-07-03T14:23:17+08:00,akshare_stock_zh_a_spot,0
bj920006,晟楠科技,16.04,0.9,5.945,16.0,16.04,15.14,15.1,16.45,15.1,1829006.0,29140245.0,14:22:53,2026-07-03T14:23:17+08:00,2026-07-03T14:23:17+08:00,akshare_stock_zh_a_spot,0
bj920007,酉立智能,37.59,0.49,1.321,37.59,37.73,37.1,36.99,37.98,36.99,156747.0,5901563.0,14:22:53,2026-07-03T14:23:17+08:00,2026-07-03T14:23:17+08:00,akshare_stock_zh_a_spot,0
bj920008,成电光信,20.75,0.77,3.854,20.67,20.75,19.98,20.15,20.98,20.08,813757.0,16774168.0,14:22:53,2026-07-03T14:23:17+08:00,2026-07-03T14:23:17+08:00,akshare_stock_zh_a_spot,0
bj920009,丹娜生物,41.26,1.46,3.668,41.26,41.35,39.8,39.8,41.8,38.8,1018763.0,41033356.0,14:22:53,2026-07-03T14:23:17+08:00,2026-07-03T14:23:17+08:00,akshare_stock_zh_a_spot,0
bj920010,凯添燃气,7.81,0.1,1.297,7.81,7.82,7.71,7.71,7.9,7.71,3020719.0,23598971.0,14:22:53,2026-07-03T14:23:17+08:00,2026-07-03T14:23:17+08:00,akshare_stock_zh_a_spot,0
bj920011,晨光电机,23.93,2.28,10.531,23.93,23.97,21.65,22.45,24.9,21.88,3805985.0,89625000.0,14:22:53,2026-07-03T14:23:17+08:00,2026-07-03T14:23:17+08:00,akshare_stock_zh_a_spot,0
bj920012,创达新材,64.28,-0.52,-0.802,64.28,64.29,64.8,64.1,65.88,63.4,1352000.0,87266802.0,14:22:53,2026-07-03T14:23:17+08:00,2026-07-03T14:23:17+08:00,akshare_stock_zh_a_spot,0
bj920014,XD特瑞斯,8.28,0.08,0.976,8.25,8.28,8.2,8.18,8.32,8.1,964533.0,7936102.0,14:22:53,2026-07-03T14:23:17+08:00,2026-07-03T14:23:17+08:00,akshare_stock_zh_a_spot,0
bj920015,锦华新材,56.68,-1.12,-1.938,56.68,56.7,57.8,57.75,57.75,54.8,3203321.0,179812413.0,14:22:53,2026-07-03T14:23:17+08:00,2026-07-03T14:23:17+08:00,akshare_stock_zh_a_spot,0
bj920016,中草香料,12.55,0.26,2.116,12.55,12.57,12.29,12.3,12.64,12.15,277095.0,3439313.0,14:22:53,2026-07-03T14:23:17+08:00,2026-07-03T14:23:17+08:00,akshare_stock_zh_a_spot,0
bj920017,星昊医药,17.22,0.11,0.643,17.22,17.23,17.11,17.42,17.51,16.72,2965801.0,50529882.0,14:22:53,2026-07-03T14:23:17+08:00,2026-07-03T14:23:17+08:00,akshare_stock_zh_a_spot,0
bj920018,宏远股份,15.1,0.34,2.304,15.1,15.11,14.76,14.95,15.15,14.75,898286.0,13443522.0,14:22:53,2026-07-03T14:23:17+08:00,2026-07-03T14:23:17+08:00,akshare_stock_zh_a_spot,0
bj920019,铜冠矿建,16.83,0.38,2.31,16.82,16.83,16.45,16.72,17.1,16.7,1823470.0,30745656.0,14:22:53,2026-07-03T14:23:17+08:00,2026-07-03T14:23:17+08:00,akshare_stock_zh_a_spot,0
bj920020,泰凯英,16.3,-0.19,-1.152,16.3,16.31,16.49,16.6,16.64,16.15,1068724.0,17454448.0,14:22:53,2026-07-03T14:23:17+08:00,2026-07-03T14:23:17+08:00,akshare_stock_zh_a_spot,0
bj920021,流金科技,7.38,-0.31,-4.031,7.37,7.38,7.69,7.45,7.63,7.31,18764311.0,139339154.0,14:22:53,2026-07-03T14:23:17+08:00,2026-07-03T14:23:17+08:00,akshare_stock_zh_a_spot,0
bj920022,世昌股份,20.36,0.26,1.294,20.36,20.43,20.1,20.23,20.48,19.9,217504.0,4402496.0,14:22:53,2026-07-03T14:23:17+08:00,2026-07-03T14:23:17+08:00,akshare_stock_zh_a_spot,0
bj920023,*ST田野,1.75,0.01,0.575,1.74,1.75,1.74,1.73,1.77,1.71,6398225.0,11101658.0,14:22:53,2026-07-03T14:23:17+08:00,2026-07-03T14:23:17+08:00,akshare_stock_zh_a_spot,0
bj920026,卓兆点胶,22.35,1.38,6.581,22.33,22.35,20.97,21.52,22.54,21.33,1765142.0,38830170.0,14:22:53,2026-07-03T14:23:17+08:00,2026-07-03T14:23:17+08:00,akshare_stock_zh_a_spot,0
bj920027,交大铁发,11.17,0.2,1.823,11.16,11.17,10.97,10.98,11.19,10.98,845705.0,9383206.0,14:22:53,2026-07-03T14:23:17+08:00,2026-07-03T14:23:17+08:00,akshare_stock_zh_a_spot,0
bj920028,新恒泰,16.21,-1.02,-5.92,16.2,16.21,17.23,16.97,16.97,15.82,5177306.0,84852206.0,14:22:53,2026-07-03T14:23:17+08:00,2026-07-03T14:23:17+08:00,akshare_stock_zh_a_spot,0
bj920029,开发科技,35.73,0.39,1.104,35.71,35.75,35.34,35.12,36.2,34.98,1074626.0,38156519.0,14:22:53,2026-07-03T14:23:17+08:00,2026-07-03T14:23:17+08:00,akshare_stock_zh_a_spot,0
bj920030,德众汽车,4.42,0.15,3.513,4.41,4.44,4.27,4.26,4.47,4.26,2230508.0,9775566.0,14:22:53,2026-07-03T14:23:17+08:00,2026-07-03T14:23:17+08:00,akshare_stock_zh_a_spot,0
bj920033,康普化学,15.2,0.16,1.064,15.19,15.2,15.04,14.95,15.27,14.89,651133.0,9833051.0,14:22:53,2026-07-03T14:23:17+08:00,2026-07-03T14:23:17+08:00,akshare_stock_zh_a_spot,0
bj920035,精创电气,30.49,0.94,3.181,30.49,30.5,29.55,29.49,31.39,28.5,2219821.0,66996814.0,14:22:53,2026-07-03T14:23:17+08:00,2026-07-03T14:23:17+08:00,akshare_stock_zh_a_spot,0
bj920036,觅睿科技,37.75,0.84,2.276,37.75,37.84,36.91,36.6,38.59,36.59,809639.0,30433096.0,14:22:53,2026-07-03T14:23:17+08:00,2026-07-03T14:23:17+08:00,akshare_stock_zh_a_spot,0
bj920037,广信科技,41.65,-0.45,-1.069,41.63,41.65,42.1,42.54,42.56,41.41,1049997.0,43898912.0,14:22:53,2026-07-03T14:23:17+08:00,2026-07-03T14:23:17+08:00,akshare_stock_zh_a_spot,0
bj920039,国义招标,7.6,0.03,0.396,7.57,7.6,7.57,7.55,7.63,7.5,641097.0,4857633.0,14:22:53,2026-07-03T14:23:17+08:00,2026-07-03T14:23:17+08:00,akshare_stock_zh_a_spot,0
bj920045,蘅东光,551.02,15.76,2.944,551.02,551.96,535.26,527.76,572.99,520.0,820157.0,452936199.0,14:22:53,2026-07-03T14:23:17+08:00,2026-07-03T14:23:17+08:00,akshare_stock_zh_a_spot,0
bj920046,亿能电力,22.55,0.45,2.036,22.52,22.55,22.1,22.01,22.66,21.8,2886847.0,64338655.0,14:22:53,2026-07-03T14:23:17+08:00,2026-07-03T14:23:17+08:00,akshare_stock_zh_a_spot,0
bj920047,诺思兰德,20.7,0.63,3.139,20.7,20.71,20.07,20.9,21.63,20.1,8450106.0,175371195.0,14:22:53,2026-07-03T14:23:17+08:00,2026-07-03T14:23:17+08:00,akshare_stock_zh_a_spot,0
bj920050,爱伦医疗,27.34,0.36,1.334,27.22,27.34,26.98,26.93,27.35,26.93,94889.0,2576498.0,14:22:53,2026-07-03T14:23:17+08:00,2026-07-03T14:23:17+08:00,akshare_stock_zh_a_spot,0
bj920055,隆源股份,29.08,0.95,3.377,29.08,29.11,28.13,28.33,29.39,27.88,740992.0,21399678.0,14:22:53,2026-07-03T14:23:17+08:00,2026-07-03T14:23:17+08:00,akshare_stock_zh_a_spot,0
bj920056,能之光,18.13,0.24,1.342,18.13,18.14,17.89,17.9,18.18,17.76,408953.0,7355450.0,14:22:53,2026-07-03T14:23:17+08:00,2026-07-03T14:23:17+08:00,akshare_stock_zh_a_spot,0
bj920057,百甲科技,4.82,0.18,3.879,4.82,4.83,4.64,4.62,4.88,4.61,2062657.0,9783602.0,14:22:53,2026-07-03T14:23:17+08:00,2026-07-03T14:23:17+08:00,akshare_stock_zh_a_spot,0
bj920058,华洋赛车,20.32,0.24,1.195,20.33,20.39,20.08,19.95,21.62,19.7,1119663.0,23054685.0,14:22:53,2026-07-03T14:23:17+08:00,2026-07-03T14:23:17+08:00,akshare_stock_zh_a_spot,0
bj920060,万源通,26.6,0.36,1.372,26.6,26.61,26.24,25.98,26.84,25.98,1682270.0,44612275.0,14:22:53,2026-07-03T14:23:17+08:00,2026-07-03T14:23:17+08:00,akshare_stock_zh_a_spot,0
bj920061,西磁科技,21.09,0.09,0.429,21.08,21.09,21.0,21.0,21.4,20.79,1068163.0,22496415.0,14:22:53,2026-07-03T14:23:17+08:00,2026-07-03T14:23:17+08:00,akshare_stock_zh_a_spot,0
bj920062,科润智控,9.08,0.05,0.554,9.08,9.09,9.03,9.05,9.15,8.96,1889489.0,17128351.0,14:22:53,2026-07-03T14:23:17+08:00,2026-07-03T14:23:17+08:00,akshare_stock_zh_a_spot,0
bj920066,科拜尔,18.21,-0.53,-2.828,18.21,18.28,18.74,18.7,18.93,18.21,733881.0,13557485.0,14:22:53,2026-07-03T14:23:17+08:00,2026-07-03T14:23:17+08:00,akshare_stock_zh_a_spot,0
bj920068,天工股份,16.59,0.04,0.242,16.6,16.62,16.55,16.41,16.82,16.4,952025.0,15809915.0,14:22:53,2026-07-03T14:23:17+08:00,2026-07-03T14:23:17+08:00,akshare_stock_zh_a_spot,0
bj920069,普昂医疗,35.69,0.54,1.536,35.65,35.69,35.15,35.2,35.76,34.83,551907.0,19494137.0,14:22:53,2026-07-03T14:23:17+08:00,2026-07-03T14:23:17+08:00,akshare_stock_zh_a_spot,0
bj920072,科莱瑞迪,34.27,-1.33,-3.736,34.27,34.3,35.6,36.18,36.54,33.88,3753126.0,130901354.0,14:22:53,2026-07-03T14:23:17+08:00,2026-07-03T14:23:17+08:00,akshare_stock_zh_a_spot,0
bj920075,柏星龙,15.29,0.08,0.526,15.3,15.35,15.21,15.2,15.55,15.08,601718.0,9202942.0,14:22:53,2026-07-03T14:23:17+08:00,2026-07-03T14:23:17+08:00,akshare_stock_zh_a_spot,0
bj920076,国亮新材,12.82,0.39,3.138,12.81,12.82,12.43,12.52,12.83,12.44,813415.0,10258830.0,14:22:53,2026-07-03T14:23:17+08:00,2026-07-03T14:23:17+08:00,akshare_stock_zh_a_spot,0
bj920077,吉林碳谷,18.5,0.49,2.721,18.49,18.5,18.01,18.01,18.63,17.8,9350252.0,170880785.0,14:22:53,2026-07-03T14:23:17+08:00,2026-07-03T14:23:17+08:00,akshare_stock_zh_a_spot,0
bj920078,族兴新材,29.31,0.52,1.806,29.3,29.31,28.79,28.4,29.83,28.33,1805940.0,52707741.0,14:22:53,2026-07-03T14:23:17+08:00,2026-07-03T14:23:17+08:00,akshare_stock_zh_a_spot,0
bj920080,奥美森,23.67,1.01,4.457,23.67,23.77,22.66,22.59,23.89,22.58,954720.0,22324569.0,14:22:53,2026-07-03T14:23:17+08:00,2026-07-03T14:23:17+08:00,akshare_stock_zh_a_spot,0
bj920082,方正阀门,8.17,0.06,0.74,8.13,8.17,8.11,8.22,8.25,8.0,913960.0,7412661.0,14:22:53,2026-07-03T14:23:17+08:00,2026-07-03T14:23:17+08:00,akshare_stock_zh_a_spot,0
bj920083,金戈新材,47.1,1.51,3.312,47.06,47.1,45.59,46.01,49.63,46.01,4099728.0,196683309.0,14:22:53,2026-07-03T14:23:17+08:00,2026-07-03T14:23:17+08:00,akshare_stock_zh_a_spot,0
bj920086,科马材料,24.19,0.54,2.283,24.17,24.18,23.65,24.0,24.31,23.37,834193.0,19988162.0,14:22:53,2026-07-03T14:23:17+08:00,2026-07-03T14:23:17+08:00,akshare_stock_zh_a_spot,0
bj920087,秋乐种业,9.96,-0.32,-3.113,9.98,10.0,10.28,10.28,10.4,9.87,3582937.0,36101090.0,14:22:53,2026-07-03T14:23:17+08:00,2026-07-03T14:23:17+08:00,akshare_stock_zh_a_spot,0
bj920088,科力股份,33.45,0.45,1.364,33.43,33.45,33.0,33.33,33.99,32.92,1824276.0,61152739.0,14:22:53,2026-07-03T14:23:17+08:00,2026-07-03T14:23:17+08:00,akshare_stock_zh_a_spot,0
bj920089,禾昌聚合,10.97,0.97,9.7,10.97,10.98,10.0,10.12,11.09,10.06,3268067.0,34373110.0,14:22:53,2026-07-03T14:23:17+08:00,2026-07-03T14:23:17+08:00,akshare_stock_zh_a_spot,0
bj920090,*ST同辉,3.73,-0.2,-5.089,3.73,3.75,3.93,3.95,4.2,3.6,10262429.0,39187604.0,14:22:53,2026-07-03T14:23:17+08:00,2026-07-03T14:23:17+08:00,akshare_stock_zh_a_spot,0
bj920091,大鹏工业,40.65,2.75,7.256,40.65,40.7,37.9,38.22,41.8,37.58,1952876.0,78658398.0,14:22:53,2026-07-03T14:23:17+08:00,2026-07-03T14:23:17+08:00,akshare_stock_zh_a_spot,0
bj920092,汉鑫科技,26.3,0.54,2.096,26.3,26.34,25.76,25.59,26.49,25.31,870621.0,22730872.0,14:22:53,2026-07-03T14:23:17+08:00,2026-07-03T14:23:17+08:00,akshare_stock_zh_a_spot,0
bj920096,嘉晨智能,50.3,7.52,17.578,50.3,50.4,42.78,42.8,50.8,42.25,3681940.0,174709405.0,14:22:53,2026-07-03T14:23:17+08:00,2026-07-03T14:23:17+08:00,akshare_stock_zh_a_spot,0
bj920098,科隆新材,18.7,0.25,1.355,18.68,18.7,18.45,18.45,18.77,18.33,385483.0,7159768.0,14:22:53,2026-07-03T14:23:17+08:00,2026-07-03T14:23:17+08:00,akshare_stock_zh_a_spot,0
bj920099,瑞华技术,22.39,-0.58,-2.525,22.39,22.4,22.97,22.82,22.98,22.28,753015.0,16949717.0,14:22:53,2026-07-03T14:23:17+08:00,2026-07-03T14:23:17+08:00,akshare_stock_zh_a_spot,0
bj920100,三协电机,46.94,5.97,14.572,46.93,46.94,40.97,41.47,47.98,41.37,6826293.0,303562251.0,14:22:53,2026-07-03T14:23:17+08:00,2026-07-03T14:23:17+08:00,akshare_stock_zh_a_spot,0
bj920101,志高机械,18.06,0.2,1.12,18.06,18.18,17.86,18.0,18.28,17.79,354218.0,6416275.0,14:22:53,2026-07-03T14:23:17+08:00,2026-07-03T14:23:17+08:00,akshare_stock_zh_a_spot,0
bj920106,林泰新材,39.37,1.47,3.879,39.21,39.37,37.9,38.01,39.74,37.8,709180.0,27619192.0,14:22:53,2026-07-03T14:23:17+08:00,2026-07-03T14:23:17+08:00,akshare_stock_zh_a_spot,0
bj920108,宏海科技,9.5,-0.05,-0.524,9.5,9.51,9.55,9.56,9.7,9.38,1094079.0,10409347.0,14:22:53,2026-07-03T14:23:17+08:00,2026-07-03T14:23:17+08:00,akshare_stock_zh_a_spot,0
bj920110,雷特科技,24.9,0.32,1.302,24.94,25.02,24.58,24.88,25.18,24.35,115590.0,2854538.0,14:22:53,2026-07-03T14:23:17+08:00,2026-07-03T14:23:17+08:00,akshare_stock_zh_a_spot,0
bj920111,聚星科技,35.99,1.74,5.08,35.98,35.99,34.25,34.01,36.2,34.0,5694660.0,202457547.0,14:22:53,2026-07-03T14:23:17+08:00,2026-07-03T14:23:17+08:00,akshare_stock_zh_a_spot,0
bj920112,巴兰仕,16.19,0.29,1.824,16.18,16.2,15.9,16.33,16.4,16.0,372061.0,6011834.0,14:22:53,2026-07-03T14:23:17+08:00,2026-07-03T14:23:17+08:00,akshare_stock_zh_a_spot,0
bj920116,星图测控,69.46,3.36,5.083,69.46,69.47,66.1,66.42,70.5,65.88,4175825.0,288354177.0,14:22:53,2026-07-03T14:23:17+08:00,2026-07-03T14:23:17+08:00,akshare_stock_zh_a_spot,0
bj920118,太湖远大,18.84,-0.04,-0.212,18.85,18.93,18.88,18.8,18.99,18.52,534962.0,10043138.0,14:22:53,2026-07-03T14:23:17+08:00,2026-07-03T14:23:17+08:00,akshare_stock_zh_a_spot,0
bj920119,美德乐,52.05,0.85,1.66,52.05,52.07,51.2,51.42,52.54,50.93,450484.0,23253982.0,14:22:53,2026-07-03T14:23:17+08:00,2026-07-03T14:23:17+08:00,akshare_stock_zh_a_spot,0
bj920121,江天科技,29.11,0.45,1.57,29.11,29.15,28.66,28.57,29.19,28.57,111436.0,3225700.0,14:22:53,2026-07-03T14:23:17+08:00,2026-07-03T14:23:17+08:00,akshare_stock_zh_a_spot,0
bj920122,中纺标,24.2,-0.01,-0.041,24.03,24.2,24.21,24.38,24.86,23.59,1344628.0,32494344.0,14:22:53,2026-07-03T14:23:17+08:00,2026-07-03T14:23:17+08:00,akshare_stock_zh_a_spot,0
bj920123,芭薇股份,10.19,-0.16,-1.546,10.18,10.19,10.35,10.3,10.53,10.03,1858256.0,18899290.0,14:22:53,2026-07-03T14:23:17+08:00,2026-07-03T14:23:17+08:00,akshare_stock_zh_a_spot,0
bj920124,南特科技,14.0,0.73,5.501,14.0,14.02,13.27,13.27,14.18,13.21,2860310.0,39431782.0,14:22:53,2026-07-03T14:23:17+08:00,2026-07-03T14:23:17+08:00,akshare_stock_zh_a_spot,0
bj920125,鸿仕达,188.81,3.11,1.675,188.8,188.81,185.7,196.99,197.4,186.12,1277878.0,247078478.0,14:22:53,2026-07-03T14:23:17+08:00,2026-07-03T14:23:17+08:00,akshare_stock_zh_a_spot,0
bj920126,永大股份,12.47,0.31,2.549,12.46,12.48,12.16,12.15,12.8,12.03,5196928.0,64851078.0,14:22:53,2026-07-03T14:23:17+08:00,2026-07-03T14:23:17+08:00,akshare_stock_zh_a_spot,0
bj920128,胜业电气,21.08,0.34,1.639,21.09,21.18,20.74,20.78,21.23,20.78,1194994.0,25127241.0,14:22:50,2026-07-03T14:23:17+08:00,2026-07-03T14:23:17+08:00,akshare_stock_zh_a_spot,0
bj920130,立方控股,13.96,0.2,1.453,13.95,13.99,13.76,13.71,14.18,13.71,966609.0,13507817.0,14:22:50,2026-07-03T14:23:17+08:00,2026-07-03T14:23:17+08:00,akshare_stock_zh_a_spot,0
bj920132,泰鹏智能,7.81,0.11,1.429,7.81,7.85,7.7,7.78,7.89,7.66,408209.0,3178963.0,14:22:50,2026-07-03T14:23:17+08:00,2026-07-03T14:23:17+08:00,akshare_stock_zh_a_spot,0
bj920139,华岭股份,18.45,0.44,2.443,18.45,18.46,18.01,17.75,18.8,17.6,6144610.0,112344227.0,14:22:50,2026-07-03T14:23:17+08:00,2026-07-03T14:23:17+08:00,akshare_stock_zh_a_spot,0
bj920145,恒合股份,9.93,0.2,2.055,9.9,9.94,9.73,9.77,10.09,9.75,324812.0,3208112.0,14:22:50,2026-07-03T14:23:17+08:00,2026-07-03T14:23:17+08:00,akshare_stock_zh_a_spot,0
bj920146,华阳变速,5.31,0.22,4.322,5.3,5.31,5.09,5.08,5.48,5.08,4559731.0,24115113.0,14:22:50,2026-07-03T14:23:17+08:00,2026-07-03T14:23:17+08:00,akshare_stock_zh_a_spot,0
bj920149,旭杰科技,7.78,0.12,1.567,7.76,7.79,7.66,7.65,7.85,7.61,887864.0,6878541.0,14:22:50,2026-07-03T14:23:17+08:00,2026-07-03T14:23:17+08:00,akshare_stock_zh_a_spot,0
bj920152,昆工科技,16.21,0.51,3.248,16.2,16.21,15.7,15.71,16.4,15.4,1454861.0,23341985.0,14:22:50,2026-07-03T14:23:17+08:00,2026-07-03T14:23:17+08:00,akshare_stock_zh_a_spot,0
bj920156,海昌智能,52.74,2.32,4.601,52.73,52.74,50.42,50.4,54.0,50.4,1884227.0,99298911.0,14:22:50,2026-07-03T14:23:17+08:00,2026-07-03T14:23:17+08:00,akshare_stock_zh_a_spot,0
bj920158,长江能科,8.4,0.11,1.327,8.39,8.4,8.29,8.36,8.55,8.24,1005978.0,8444153.0,14:22:50,2026-07-03T14:23:17+08:00,2026-07-03T14:23:17+08:00,akshare_stock_zh_a_spot,0
bj920159,农大科技,28.77,0.59,2.094,28.77,28.79,28.18,28.31,28.93,28.31,375050.0,10740463.0,14:22:50,2026-07-03T14:23:17+08:00,2026-07-03T14:23:17+08:00,akshare_stock_zh_a_spot,0
bj920160,北矿检测,20.45,0.27,1.338,20.43,20.45,20.18,20.15,20.6,20.15,387285.0,7909250.0,14:22:50,2026-07-03T14:23:17+08:00,2026-07-03T14:23:17+08:00,akshare_stock_zh_a_spot,0
bj920161,龙辰科技,34.33,1.17,3.528,34.35,34.44,33.16,33.16,35.17,32.78,4450089.0,152041864.0,14:22:50,2026-07-03T14:23:17+08:00,2026-07-03T14:23:17+08:00,akshare_stock_zh_a_spot,0
bj920163,方大新材,9.61,0.05,0.523,9.61,9.62,9.56,9.56,9.69,9.4,443036.0,4228647.0,14:22:50,2026-07-03T14:23:17+08:00,2026-07-03T14:23:17+08:00,akshare_stock_zh_a_spot,0
bj920166,海圣医疗,21.65,0.28,1.31,21.65,21.68,21.37,21.37,21.88,21.31,218934.0,4726581.0,14:22:50,2026-07-03T14:23:17+08:00,2026-07-03T14:23:17+08:00,akshare_stock_zh_a_spot,0
bj920167,同享科技,18.0,0.2,1.124,17.98,18.0,17.8,18.7,19.0,17.71,1956228.0,35473165.0,14:22:50,2026-07-03T14:23:17+08:00,2026-07-03T14:23:17+08:00,akshare_stock_zh_a_spot,0
bj920168,通宝光电,16.45,0.42,2.62,16.43,16.45,16.03,15.98,16.52,15.98,285375.0,4661231.0,14:22:50,2026-07-03T14:23:17+08:00,2026-07-03T14:23:17+08:00,akshare_stock_zh_a_spot,0
bj920169,七丰精工,21.75,0.89,4.267,21.7,21.75,20.86,20.69,21.9,20.66,1836533.0,39568428.0,14:22:50,2026-07-03T14:23:17+08:00,2026-07-03T14:23:17+08:00,akshare_stock_zh_a_spot,0
bj920171,志晟信息,18.98,0.28,1.497,18.93,18.99,18.7,18.75,19.14,18.6,2265808.0,42719884.0,14:22:50,2026-07-03T14:23:17+08:00,2026-07-03T14:23:17+08:00,akshare_stock_zh_a_spot,0
bj920174,五新智能,32.14,0.94,3.013,32.12,32.14,31.2,30.89,32.34,30.89,1386483.0,44080864.0,14:22:50,2026-07-03T14:23:17+08:00,2026-07-03T14:23:17+08:00,akshare_stock_zh_a_spot,0
bj920175,东方碳素,10.14,-0.35,-3.337,10.12,10.14,10.49,10.31,10.39,9.95,4957170.0,50106409.0,14:22:50,2026-07-03T14:23:17+08:00,2026-07-03T14:23:17+08:00,akshare_stock_zh_a_spot,0
bj920177,恒道科技,26.55,0.79,3.067,26.56,26.57,25.76,25.7,26.75,25.6,650064.0,17108536.0,14:22:50,2026-07-03T14:23:17+08:00,2026-07-03T14:23:17+08:00,akshare_stock_zh_a_spot,0
bj920178,锐翔智能,129.21,5.22,4.21,129.21,129.22,123.99,124.88,133.98,124.3,1272538.0,165998827.0,14:22:50,2026-07-03T14:23:17+08:00,2026-07-03T14:23:17+08:00,akshare_stock_zh_a_spot,0
bj920179,凯德石英,88.68,-3.49,-3.786,88.66,88.68,92.17,91.34,99.58,88.68,5032725.0,477008286.0,14:22:50,2026-07-03T14:23:17+08:00,2026-07-03T14:23:17+08:00,akshare_stock_zh_a_spot,0
bj920180,爱得科技,12.66,0.16,1.28,12.63,12.66,12.5,12.53,12.68,12.46,495233.0,6226607.0,14:22:50,2026-07-03T14:23:17+08:00,2026-07-03T14:23:17+08:00,akshare_stock_zh_a_spot,0
bj920181,赛英电子,95.03,0.98,1.042,95.02,95.03,94.05,95.18,97.9,93.98,823521.0,78893315.0,14:22:50,2026-07-03T14:23:17+08:00,2026-07-03T14:23:17+08:00,akshare_stock_zh_a_spot,0
bj920183,海菲曼,30.16,0.86,2.935,30.1,30.2,29.3,29.6,30.23,29.42,265084.0,7934618.0,14:22:50,2026-07-03T14:23:17+08:00,2026-07-03T14:23:17+08:00,akshare_stock_zh_a_spot,0
bj920184,国源科技,12.0,0.22,1.868,11.99,12.02,11.78,11.8,12.11,11.76,2069457.0,24683574.0,14:22:50,2026-07-03T14:23:17+08:00,2026-07-03T14:23:17+08:00,akshare_stock_zh_a_spot,0
bj920185,贝特瑞,25.5,0.19,0.751,25.5,25.51,25.31,25.79,25.97,25.26,4440474.0,113542395.0,14:22:50,2026-07-03T14:23:17+08:00,2026-07-03T14:23:17+08:00,akshare_stock_zh_a_spot,0
bj920186,中科仪,100.9,-1.42,-1.388,100.9,100.97,102.32,101.11,104.6,99.2,7146175.0,728571463.0,14:22:50,2026-07-03T14:23:17+08:00,2026-07-03T14:23:17+08:00,akshare_stock_zh_a_spot,0
bj920187,通领科技,19.72,1.02,5.455,19.47,19.7,18.7,18.84,19.72,18.64,890713.0,17118481.0,14:22:50,2026-07-03T14:23:17+08:00,2026-07-03T14:23:17+08:00,akshare_stock_zh_a_spot,0
bj920188,悦龙科技,25.66,0.7,2.804,25.69,25.7,24.96,25.28,25.71,24.93,799987.0,20230888.0,14:22:50,2026-07-03T14:23:17+08:00,2026-07-03T14:23:17+08:00,akshare_stock_zh_a_spot,0
bj920190,雷神科技,23.44,0.79,3.488,23.4,23.44,22.65,22.3,23.57,22.03,4601072.0,105263167.0,14:22:50,2026-07-03T14:23:17+08:00,2026-07-03T14:23:17+08:00,akshare_stock_zh_a_spot,0
bj920191,瑞尔竞达,9.45,0.1,1.07,9.45,9.47,9.35,9.41,9.49,9.36,851525.0,8035320.0,14:22:50,2026-07-03T14:23:17+08:00,2026-07-03T14:23:17+08:00,akshare_stock_zh_a_spot,0
bj920193,吉和昌,68.89,7.84,12.842,68.94,69.0,61.05,62.01,70.88,59.8,17440799.0,1124340760.0,14:22:50,2026-07-03T14:23:17+08:00,2026-07-03T14:23:17+08:00,akshare_stock_zh_a_spot,0
bj920195,三祥科技,12.67,0.37,3.008,12.64,12.67,12.3,12.3,12.75,12.14,786913.0,9833503.0,14:22:50,2026-07-03T14:23:17+08:00,2026-07-03T14:23:17+08:00,akshare_stock_zh_a_spot,0
bj920198,微创光电,7.08,0.14,2.017,7.08,7.09,6.94,6.99,7.13,6.96,1098448.0,7744536.0,14:22:50,2026-07-03T14:23:17+08:00,2026-07-03T14:23:17+08:00,akshare_stock_zh_a_spot,0
bj920199,倍益康,24.36,0.25,1.037,24.35,24.36,24.11,23.89,25.28,23.8,1564087.0,38068273.0,14:22:50,2026-07-03T14:23:17+08:00,2026-07-03T14:23:17+08:00,akshare_stock_zh_a_spot,0
bj920200,振宏股份,34.06,1.72,5.318,34.06,34.1,32.34,32.41,34.87,32.41,2881106.0,97833429.0,14:22:50,2026-07-03T14:23:17+08:00,2026-07-03T14:23:17+08:00,akshare_stock_zh_a_spot,0
bj920204,沪江材料,13.13,0.09,0.69,13.11,13.13,13.04,13.05,13.25,12.88,675973.0,8809946.0,14:22:50,2026-07-03T14:23:17+08:00,2026-07-03T14:23:17+08:00,akshare_stock_zh_a_spot,0
bj920206,彩客科技,50.5,0.31,0.618,50.5,50.51,50.19,49.67,52.84,49.6,1996336.0,102743132.0,14:22:50,2026-07-03T14:23:17+08:00,2026-07-03T14:23:17+08:00,akshare_stock_zh_a_spot,0
bj920207,众诚科技,21.8,0.3,1.395,21.79,21.83,21.5,21.21,22.09,21.1,2102735.0,45414666.0,14:22:50,2026-07-03T14:23:17+08:00,2026-07-03T14:23:17+08:00,akshare_stock_zh_a_spot,0
bj920208,青矩技术,12.7,0.15,1.195,12.69,12.7,12.55,12.52,12.83,12.42,846874.0,10722482.0,14:22:50,2026-07-03T14:23:17+08:00,2026-07-03T14:23:17+08:00,akshare_stock_zh_a_spot,0
bj920211,新睿电子,158.28,36.52,29.993,158.28,0.0,121.76,123.0,158.28,123.0,1982077.0,292875964.0,14:22:50,2026-07-03T14:23:17+08:00,2026-07-03T14:23:17+08:00,akshare_stock_zh_a_spot,0
bj920212,智新电子,9.31,0.15,1.638,9.32,9.37,9.16,9.18,9.42,9.13,472256.0,4377055.0,14:22:50,2026-07-03T14:23:17+08:00,2026-07-03T14:23:17+08:00,akshare_stock_zh_a_spot,0
bj920218,新天力,18.76,0.8,4.454,18.75,18.77,17.96,17.95,18.97,17.74,2756822.0,51213631.0,14:22:50,2026-07-03T14:23:17+08:00,2026-07-03T14:23:17+08:00,akshare_stock_zh_a_spot,0
bj920220,朗信电气,57.53,3.64,6.754,57.53,57.6,53.89,54.0,59.53,53.01,2108581.0,119996819.0,14:22:50,2026-07-03T14:23:17+08:00,2026-07-03T14:23:17+08:00,akshare_stock_zh_a_spot,0
bj920221,易实精密,17.51,0.89,5.355,17.51,17.53,16.62,17.0,18.68,16.28,12860470.0,225261809.0,14:22:50,2026-07-03T14:23:17+08:00,2026-07-03T14:23:17+08:00,akshare_stock_zh_a_spot,0
bj920222,益坤电气,32.1,-2.4,-6.957,32.1,32.15,34.5,34.3,34.72,31.7,3533982.0,115153381.0,14:22:50,2026-07-03T14:23:17+08:00,2026-07-03T14:23:17+08:00,akshare_stock_zh_a_spot,0
bj920223,荣亿精密,13.74,0.4,2.999,13.73,13.74,13.34,13.31,13.82,13.3,1937399.0,26425329.0,14:22:50,2026-07-03T14:23:17+08:00,2026-07-03T14:23:17+08:00,akshare_stock_zh_a_spot,0
bj920225,利通科技,17.38,0.0,0.0,17.38,17.4,17.38,17.4,17.5,17.04,1295122.0,22393804.0,14:22:50,2026-07-03T14:23:17+08:00,2026-07-03T14:23:17+08:00,akshare_stock_zh_a_spot,0
bj920227,美登科技,50.02,0.24,0.482,49.94,50.12,49.78,48.72,50.54,48.42,472174.0,23341106.0,14:22:50,2026-07-03T14:23:17+08:00,2026-07-03T14:23:17+08:00,akshare_stock_zh_a_spot,0
bj920230,欧康医药,10.19,0.03,0.295,10.1,10.19,10.16,10.3,10.62,9.89,1936424.0,19783466.0,14:22:50,2026-07-03T14:23:17+08:00,2026-07-03T14:23:17+08:00,akshare_stock_zh_a_spot,0
bj920237,力佳科技,14.34,0.26,1.847,14.33,14.34,14.08,14.08,14.41,14.08,561080.0,8023194.0,14:22:50,2026-07-03T14:23:17+08:00,2026-07-03T14:23:17+08:00,akshare_stock_zh_a_spot,0
bj920239,长虹能源,24.81,0.66,2.733,24.82,24.83,24.15,23.96,24.92,23.89,1385008.0,34140306.0,14:22:50,2026-07-03T14:23:17+08:00,2026-07-03T14:23:17+08:00,akshare_stock_zh_a_spot,0
bj920242,建邦科技,14.25,0.51,3.712,14.18,14.27,13.74,13.7,14.57,13.7,755185.0,10701548.0,14:22:50,2026-07-03T14:23:17+08:00,2026-07-03T14:23:17+08:00,akshare_stock_zh_a_spot,0
bj920245,威博液压,13.66,0.27,2.016,13.65,13.73,13.39,13.45,13.93,13.4,475959.0,6524853.0,14:22:50,2026-07-03T14:23:17+08:00,2026-07-03T14:23:17+08:00,akshare_stock_zh_a_spot,0
bj920247,华密新材,17.01,1.13,7.116,17.01,17.02,15.88,15.78,17.5,15.7,5186838.0,86879903.0,14:22:50,2026-07-03T14:23:17+08:00,2026-07-03T14:23:17+08:00,akshare_stock_zh_a_spot,0
bj920249,利尔达,10.71,0.33,3.179,10.7,10.71,10.38,10.18,11.0,9.93,13348575.0,139317997.0,14:22:50,2026-07-03T14:23:17+08:00,2026-07-03T14:23:17+08:00,akshare_stock_zh_a_spot,0
bj920252,天宏锂电,18.32,0.22,1.215,18.3,18.31,18.1,18.12,18.47,18.1,1067718.0,19509215.0,14:22:50,2026-07-03T14:23:17+08:00,2026-07-03T14:23:17+08:00,akshare_stock_zh_a_spot,0
bj920260,中寰股份,7.45,0.12,1.637,7.4,7.45,7.33,7.43,7.49,7.25,538472.0,3980283.0,14:22:50,2026-07-03T14:23:17+08:00,2026-07-03T14:23:17+08:00,akshare_stock_zh_a_spot,0
bj920261,一诺威,13.95,0.37,2.725,13.89,13.95,13.58,13.73,14.24,13.47,1999087.0,27680051.0,14:22:50,2026-07-03T14:23:17+08:00,2026-07-03T14:23:17+08:00,akshare_stock_zh_a_spot,0
bj920262,太湖雪,12.69,0.34,2.753,12.68,12.71,12.35,12.64,13.02,12.41,605700.0,7709314.0,14:22:50,2026-07-03T14:23:17+08:00,2026-07-03T14:23:17+08:00,akshare_stock_zh_a_spot,0
bj920263,中航泰达,7.32,0.02,0.274,7.32,7.34,7.3,7.28,7.4,7.15,1037226.0,7568220.0,14:22:50,2026-07-03T14:23:17+08:00,2026-07-03T14:23:17+08:00,akshare_stock_zh_a_spot,0
bj920266,生物谷,6.54,0.05,0.77,6.51,6.56,6.49,6.58,6.67,6.41,789560.0,5150091.0,14:22:50,2026-07-03T14:23:17+08:00,2026-07-03T14:23:17+08:00,akshare_stock_zh_a_spot,0
bj920267,鑫汇科,14.38,0.29,2.058,14.36,14.38,14.09,14.28,14.65,14.08,705240.0,10129086.0,14:22:50,2026-07-03T14:23:17+08:00,2026-07-03T14:23:17+08:00,akshare_stock_zh_a_spot,0
bj920270,天铭科技,13.55,0.84,6.609,13.55,13.56,12.71,12.81,14.25,12.81,2493632.0,33447677.0,14:22:50,2026-07-03T14:23:17+08:00,2026-07-03T14:23:17+08:00,akshare_stock_zh_a_spot,0
bj920271,邦德股份,10.2,0.28,2.823,10.2,10.21,9.92,9.99,10.28,9.93,1236076.0,12507753.0,14:22:50,2026-07-03T14:23:17+08:00,2026-07-03T14:23:17+08:00,akshare_stock_zh_a_spot,0
bj920273,一致魔芋,18.57,-0.02,-0.108,18.56,18.64,18.59,18.75,19.34,18.33,1669589.0,31401002.0,14:22:50,2026-07-03T14:23:17+08:00,2026-07-03T14:23:17+08:00,akshare_stock_zh_a_spot,0
bj920274,宏裕包材,16.18,0.15,0.936,16.13,16.18,16.03,16.05,16.3,15.8,855644.0,13766324.0,14:22:50,2026-07-03T14:23:17+08:00,2026-07-03T14:23:17+08:00,akshare_stock_zh_a_spot,0
bj920275,驱动力,5.98,0.1,1.701,5.98,5.99,5.88,5.86,6.04,5.77,1314640.0,7721907.0,14:22:50,2026-07-03T14:23:17+08:00,2026-07-03T14:23:17+08:00,akshare_stock_zh_a_spot,0
bj920278,鹿得医疗,5.91,0.09,1.546,5.88,5.9,5.82,5.89,5.93,5.77,1150964.0,6721288.0,14:22:50,2026-07-03T14:23:17+08:00,2026-07-03T14:23:17+08:00,akshare_stock_zh_a_spot,0
bj920284,灵鸽科技,21.28,0.32,1.527,21.28,21.29,20.96,20.84,21.55,20.58,1717354.0,36397030.0,14:22:50,2026-07-03T14:23:17+08:00,2026-07-03T14:23:17+08:00,akshare_stock_zh_a_spot,0
bj920299,灿能电力,17.01,0.3,1.795,17.0,17.01,16.71,16.62,17.04,16.5,1132626.0,19043077.0,14:22:50,2026-07-03T14:23:17+08:00,2026-07-03T14:23:17+08:00,akshare_stock_zh_a_spot,0
bj920300,辰光医疗,10.22,0.0,0.0,10.21,10.22,10.22,10.22,10.36,10.07,1376460.0,14046491.0,14:22:50,2026-07-03T14:23:17+08:00,2026-07-03T14:23:17+08:00,akshare_stock_zh_a_spot,0
bj920304,迪尔化工,8.66,0.08,0.932,8.64,8.65,8.58,8.65,8.77,8.52,724466.0,6251776.0,14:22:50,2026-07-03T14:23:17+08:00,2026-07-03T14:23:17+08:00,akshare_stock_zh_a_spot,0
bj920305,*ST云创,0.0,0.0,0.0,0.0,0.0,3.57,0.0,0.0,0.0,0.0,0.0,14:22:50,2026-07-03T14:23:17+08:00,2026-07-03T14:23:17+08:00,akshare_stock_zh_a_spot,0
bj920339,恒太照明,12.88,-0.24,-1.829,12.8,12.88,13.12,12.99,13.6,12.4,3424017.0,44158105.0,14:22:50,2026-07-03T14:23:17+08:00,2026-07-03T14:23:17+08:00,akshare_stock_zh_a_spot,0
bj920344,三元基因,19.59,0.32,1.661,19.59,19.6,19.27,19.46,20.23,19.1,913529.0,17879500.0,14:22:50,2026-07-03T14:23:17+08:00,2026-07-03T14:23:17+08:00,akshare_stock_zh_a_spot,0
bj920346,威贸电子,16.06,0.8,5.242,16.05,16.06,15.26,15.59,16.18,15.3,821575.0,13054105.0,14:22:50,2026-07-03T14:23:17+08:00,2026-07-03T14:23:17+08:00,akshare_stock_zh_a_spot,0
bj920351,华光源海,11.8,0.21,1.812,11.79,11.8,11.59,11.7,11.85,11.56,897278.0,10491998.0,14:22:47,2026-07-03T14:23:17+08:00,2026-07-03T14:23:17+08:00,akshare_stock_zh_a_spot,0
bj920357,雅葆轩,19.78,0.74,3.887,19.78,19.79,19.04,19.0,20.1,18.61,3054527.0,59619513.0,14:22:47,2026-07-03T14:23:17+08:00,2026-07-03T14:23:17+08:00,akshare_stock_zh_a_spot,0
bj920363,莱赛激光,12.48,0.33,2.716,12.47,12.48,12.15,12.15,12.67,12.0,3571287.0,44077102.0,14:22:47,2026-07-03T14:23:17+08:00,2026-07-03T14:23:17+08:00,akshare_stock_zh_a_spot,0
bj920367,新赣江,21.99,-0.66,-2.914,21.84,21.93,22.65,22.93,23.6,20.4,6599085.0,142230217.0,14:22:47,2026-07-03T14:23:17+08:00,2026-07-03T14:23:17+08:00,akshare_stock_zh_a_spot,0
bj920368,连城数控,29.37,-0.08,-0.272,29.35,29.37,29.45,29.5,29.94,29.0,3620804.0,106391334.0,14:22:47,2026-07-03T14:23:17+08:00,2026-07-03T14:23:17+08:00,akshare_stock_zh_a_spot,0
bj920370,新安洁,2.48,0.02,0.813,2.47,2.49,2.46,2.53,2.53,2.41,3286622.0,8067755.0,14:22:47,2026-07-03T14:23:17+08:00,2026-07-03T14:23:17+08:00,akshare_stock_zh_a_spot,0
bj920371,欧福蛋业,6.88,-0.02,-0.29,6.88,6.9,6.9,6.9,7.02,6.78,1848730.0,12716802.0,14:22:47,2026-07-03T14:23:17+08:00,2026-07-03T14:23:17+08:00,akshare_stock_zh_a_spot,0
bj920374,云里物里,14.83,0.38,2.63,14.78,14.83,14.45,14.46,14.96,14.46,517568.0,7606136.0,14:22:47,2026-07-03T14:23:17+08:00,2026-07-03T14:23:17+08:00,akshare_stock_zh_a_spot,0
bj920375,派诺科技,6.97,0.11,1.603,6.95,6.97,6.86,6.92,7.0,6.84,2653577.0,18381044.0,14:22:47,2026-07-03T14:23:17+08:00,2026-07-03T14:23:17+08:00,akshare_stock_zh_a_spot,0
bj920378,泰德股份,7.61,0.38,5.256,7.61,7.64,7.23,7.06,7.72,7.06,3360149.0,25243783.0,14:22:47,2026-07-03T14:23:17+08:00,2026-07-03T14:23:17+08:00,akshare_stock_zh_a_spot,0
bj920392,佳合科技,14.35,0.28,1.99,14.36,14.39,14.07,14.28,14.5,14.09,237574.0,3407244.0,14:22:47,2026-07-03T14:23:17+08:00,2026-07-03T14:23:17+08:00,akshare_stock_zh_a_spot,0
bj920394,民士达,61.35,-2.53,-3.961,61.34,61.35,63.88,64.55,65.16,60.6,2958704.0,183621101.0,14:22:47,2026-07-03T14:23:17+08:00,2026-07-03T14:23:17+08:00,akshare_stock_zh_a_spot,0
bj920395,朗鸿科技,7.36,0.07,0.96,7.34,7.36,7.29,7.22,7.37,7.19,616638.0,4488304.0,14:22:47,2026-07-03T14:23:17+08:00,2026-07-03T14:23:17+08:00,akshare_stock_zh_a_spot,0
bj920396,常辅股份,21.8,0.1,0.461,21.8,21.81,21.7,21.73,22.06,21.48,1080584.0,23579491.0,14:22:47,2026-07-03T14:23:17+08:00,2026-07-03T14:23:17+08:00,akshare_stock_zh_a_spot,0
bj920402,硅烷科技,13.53,-1.17,-7.959,13.53,13.56,14.7,14.66,14.7,13.1,19158020.0,262880689.0,14:22:47,2026-07-03T14:23:17+08:00,2026-07-03T14:23:17+08:00,akshare_stock_zh_a_spot,0
bj920403,康农种业,15.88,-0.39,-2.397,15.89,15.9,16.27,16.26,16.49,15.8,1783720.0,28603754.0,14:22:47,2026-07-03T14:23:17+08:00,2026-07-03T14:23:17+08:00,akshare_stock_zh_a_spot,0
bj920405,海希通讯,20.09,1.21,6.409,20.04,20.09,18.88,18.8,20.76,17.19,4605560.0,89419940.0,14:22:47,2026-07-03T14:23:17+08:00,2026-07-03T14:23:17+08:00,akshare_stock_zh_a_spot,0
bj920407,驰诚股份,14.03,0.84,6.368,13.94,14.03,13.19,13.5,14.28,13.08,1163445.0,15904680.0,14:22:47,2026-07-03T14:23:17+08:00,2026-07-03T14:23:17+08:00,akshare_stock_zh_a_spot,0
bj920414,欧普泰,8.34,0.18,2.206,8.34,8.35,8.16,8.16,8.45,8.09,1486629.0,12302738.0,14:22:47,2026-07-03T14:23:17+08:00,2026-07-03T14:23:17+08:00,akshare_stock_zh_a_spot,0
bj920415,恒拓开源,9.45,0.14,1.504,9.42,9.45,9.31,9.37,9.5,9.3,1629686.0,15324056.0,14:22:47,2026-07-03T14:23:17+08:00,2026-07-03T14:23:17+08:00,akshare_stock_zh_a_spot,0
bj920418,苏轴股份,22.44,2.07,10.162,22.44,22.45,20.37,20.36,23.33,20.35,6572182.0,144901259.0,14:22:47,2026-07-03T14:23:17+08:00,2026-07-03T14:23:17+08:00,akshare_stock_zh_a_spot,0
bj920419,路斯股份,9.79,0.13,1.346,9.77,9.79,9.66,9.63,9.81,9.58,663357.0,6439344.0,14:22:47,2026-07-03T14:23:17+08:00,2026-07-03T14:23:17+08:00,akshare_stock_zh_a_spot,0
bj920422,润普食品,8.82,0.1,1.147,8.83,8.86,8.72,8.79,8.88,8.66,533447.0,4688768.0,14:22:47,2026-07-03T14:23:17+08:00,2026-07-03T14:23:17+08:00,akshare_stock_zh_a_spot,0
bj920425,乐创技术,24.44,1.74,7.665,24.4,24.44,22.7,22.65,24.66,22.65,3281765.0,78331271.0,14:22:47,2026-07-03T14:23:17+08:00,2026-07-03T14:23:17+08:00,akshare_stock_zh_a_spot,0
bj920427,华维设计,9.73,0.12,1.249,9.73,9.76,9.61,9.57,9.86,9.57,1391586.0,13508311.0,14:22:47,2026-07-03T14:23:17+08:00,2026-07-03T14:23:17+08:00,akshare_stock_zh_a_spot,0
bj920429,康比特,9.75,0.06,0.619,9.75,9.76,9.69,9.68,9.94,9.66,1100212.0,10758332.0,14:22:47,2026-07-03T14:23:17+08:00,2026-07-03T14:23:17+08:00,akshare_stock_zh_a_spot,0
bj920433,大唐药业,4.65,-0.11,-2.311,4.64,4.66,4.76,4.76,4.96,4.54,5796439.0,27387847.0,14:22:47,2026-07-03T14:23:17+08:00,2026-07-03T14:23:17+08:00,akshare_stock_zh_a_spot,0
bj920436,大地电气,10.72,0.3,2.879,10.71,10.72,10.42,10.39,10.88,10.39,657222.0,6992894.0,14:22:47,2026-07-03T14:23:17+08:00,2026-07-03T14:23:17+08:00,akshare_stock_zh_a_spot,0
bj920438,戈碧迦,148.5,-6.5,-4.194,148.21,148.5,155.0,148.0,159.99,145.54,7428290.0,1124628613.0,14:22:47,2026-07-03T14:23:17+08:00,2026-07-03T14:23:17+08:00,akshare_stock_zh_a_spot,0
bj920445,龙竹科技,6.55,0.15,2.344,6.54,6.55,6.4,6.4,6.57,6.38,1387506.0,8985731.0,14:22:47,2026-07-03T14:23:17+08:00,2026-07-03T14:23:17+08:00,akshare_stock_zh_a_spot,0
bj920454,同心传动,11.86,0.41,3.581,11.86,11.9,11.45,11.44,12.2,11.41,1460584.0,17276274.0,14:22:47,2026-07-03T14:23:17+08:00,2026-07-03T14:23:17+08:00,akshare_stock_zh_a_spot,0
bj920455,汇隆活塞,5.94,0.11,1.887,5.93,5.94,5.83,5.81,5.97,5.79,405947.0,2390400.0,14:22:47,2026-07-03T14:23:17+08:00,2026-07-03T14:23:17+08:00,akshare_stock_zh_a_spot,0
bj920469,富恒新材,6.21,0.33,5.612,6.21,6.22,5.88,5.9,6.66,5.82,5004134.0,31405457.0,14:22:47,2026-07-03T14:23:17+08:00,2026-07-03T14:23:17+08:00,akshare_stock_zh_a_spot,0
bj920471,美邦科技,11.67,0.17,1.478,11.67,11.69,11.5,11.5,11.75,11.4,1233812.0,14315069.0,14:22:47,2026-07-03T14:23:17+08:00,2026-07-03T14:23:17+08:00,akshare_stock_zh_a_spot,0
bj920475,三友科技,12.2,0.43,3.653,12.15,12.22,11.77,11.86,12.4,11.8,758514.0,9191819.0,14:22:47,2026-07-03T14:23:17+08:00,2026-07-03T14:23:17+08:00,akshare_stock_zh_a_spot,0
bj920476,海能技术,24.54,0.96,4.071,24.54,24.57,23.58,23.22,24.91,23.0,1936388.0,46447755.0,14:22:47,2026-07-03T14:23:17+08:00,2026-07-03T14:23:17+08:00,akshare_stock_zh_a_spot,0
bj920478,峆一药业,10.76,0.06,0.561,10.76,10.77,10.7,11.0,11.43,10.07,6519013.0,69422998.0,14:22:47,2026-07-03T14:23:17+08:00,2026-07-03T14:23:17+08:00,akshare_stock_zh_a_spot,0
bj920489,佳先股份,18.82,-0.55,-2.839,18.84,18.9,19.37,19.06,19.8,18.65,5538351.0,105868058.0,14:22:47,2026-07-03T14:23:17+08:00,2026-07-03T14:23:17+08:00,akshare_stock_zh_a_spot,0
bj920491,奥迪威,31.04,2.38,8.304,31.04,31.05,28.66,28.62,32.02,28.5,6365780.0,194040961.0,14:22:47,2026-07-03T14:23:17+08:00,2026-07-03T14:23:17+08:00,akshare_stock_zh_a_spot,0
bj920493,并行科技,110.13,-2.32,-2.063,110.13,110.15,112.45,111.5,113.4,109.1,1066073.0,118176998.0,14:22:47,2026-07-03T14:23:17+08:00,2026-07-03T14:23:17+08:00,akshare_stock_zh_a_spot,0
bj920496,许昌智能,6.46,0.17,2.703,6.45,6.46,6.29,6.31,6.48,6.29,1839560.0,11771953.0,14:22:47,2026-07-03T14:23:17+08:00,2026-07-03T14:23:17+08:00,akshare_stock_zh_a_spot,0
bj920504,博迅生物,16.91,-0.07,-0.412,16.83,16.9,16.98,16.91,17.1,16.67,459588.0,7747862.0,14:22:47,2026-07-03T14:23:17+08:00,2026-07-03T14:23:17+08:00,akshare_stock_zh_a_spot,0
bj920505,九菱科技,31.82,0.28,0.888,31.82,31.85,31.54,31.88,32.32,31.15,933540.0,29636348.0,14:22:47,2026-07-03T14:23:17+08:00,2026-07-03T14:23:17+08:00,akshare_stock_zh_a_spot,0
bj920508,殷图网联,14.2,0.35,2.527,14.19,14.27,13.85,13.81,14.34,13.71,516125.0,7231219.0,14:22:47,2026-07-03T14:23:17+08:00,2026-07-03T14:23:17+08:00,akshare_stock_zh_a_spot,0
bj920509,同惠电子,27.62,0.77,2.868,27.62,27.63,26.85,26.7,27.97,26.46,2642939.0,72012824.0,14:22:47,2026-07-03T14:23:17+08:00,2026-07-03T14:23:17+08:00,akshare_stock_zh_a_spot,0
bj920510,丰光精密,32.76,7.56,30.0,32.76,0.0,25.2,26.0,32.76,25.1,27289378.0,822377474.0,14:22:47,2026-07-03T14:23:17+08:00,2026-07-03T14:23:17+08:00,akshare_stock_zh_a_spot,0
bj920519,万德股份,9.56,0.3,3.24,9.51,9.53,9.26,9.36,9.59,9.28,664477.0,6267395.0,14:22:47,2026-07-03T14:23:17+08:00,2026-07-03T14:23:17+08:00,akshare_stock_zh_a_spot,0
bj920522,纳科诺尔,24.95,1.82,7.869,24.95,24.98,23.13,23.2,25.58,23.14,8369847.0,208347999.0,14:22:47,2026-07-03T14:23:17+08:00,2026-07-03T14:23:17+08:00,akshare_stock_zh_a_spot,0
bj920523,德瑞锂电,16.86,0.3,1.812,16.85,16.86,16.56,16.5,16.92,16.41,746869.0,12476282.0,14:22:47,2026-07-03T14:23:17+08:00,2026-07-03T14:23:17+08:00,akshare_stock_zh_a_spot,0
bj920526,凯华材料,25.85,0.95,3.815,25.85,25.86,24.9,24.9,26.59,24.3,3288049.0,82941676.0,14:22:47,2026-07-03T14:23:17+08:00,2026-07-03T14:23:17+08:00,akshare_stock_zh_a_spot,0
bj920527,夜光明,13.77,0.08,0.584,13.77,13.81,13.69,13.26,14.08,13.26,1132852.0,15578885.0,14:22:47,2026-07-03T14:23:17+08:00,2026-07-03T14:23:17+08:00,akshare_stock_zh_a_spot,0
bj920533,骏创科技,21.85,1.58,7.795,21.82,21.84,20.27,20.29,22.88,20.29,4775485.0,103602469.0,14:22:47,2026-07-03T14:23:17+08:00,2026-07-03T14:23:17+08:00,akshare_stock_zh_a_spot,0
bj920541,铁大科技,9.48,0.18,1.935,9.48,9.49,9.3,9.3,9.55,9.22,914528.0,8610556.0,14:22:47,2026-07-03T14:23:17+08:00,2026-07-03T14:23:17+08:00,akshare_stock_zh_a_spot,0
bj920547,无锡晶海,18.08,0.23,1.289,18.05,18.07,17.85,17.78,18.35,17.63,858629.0,15414952.0,14:22:47,2026-07-03T14:23:17+08:00,2026-07-03T14:23:17+08:00,akshare_stock_zh_a_spot,0
bj920553,凯腾精工,6.66,0.18,2.778,6.66,6.67,6.48,6.49,6.7,6.46,806849.0,5326201.0,14:22:47,2026-07-03T14:23:17+08:00,2026-07-03T14:23:17+08:00,akshare_stock_zh_a_spot,0
bj920556,雅达股份,6.99,0.09,1.304,6.98,6.99,6.9,6.91,7.05,6.87,1173842.0,8181766.0,14:22:47,2026-07-03T14:23:17+08:00,2026-07-03T14:23:17+08:00,akshare_stock_zh_a_spot,0
bj920564,天润科技,16.65,0.39,2.399,16.65,16.69,16.26,16.4,16.8,16.12,1205186.0,19942000.0,14:22:47,2026-07-03T14:23:17+08:00,2026-07-03T14:23:17+08:00,akshare_stock_zh_a_spot,0
bj920566,梓橦宫,9.81,-0.07,-0.709,9.81,9.87,9.88,9.82,10.11,9.72,2082629.0,20509438.0,14:22:47,2026-07-03T14:23:17+08:00,2026-07-03T14:23:17+08:00,akshare_stock_zh_a_spot,0
bj920570,坤博精工,25.49,0.81,3.282,25.46,25.51,24.68,24.58,26.42,24.25,899437.0,22795047.0,14:22:47,2026-07-03T14:23:17+08:00,2026-07-03T14:23:17+08:00,akshare_stock_zh_a_spot,0
bj920571,国航远洋,8.43,0.05,0.597,8.42,8.43,8.38,8.48,8.62,8.38,8383429.0,71050942.0,14:22:47,2026-07-03T14:23:17+08:00,2026-07-03T14:23:17+08:00,akshare_stock_zh_a_spot,0
bj920575,*ST康乐,3.84,0.05,1.319,3.83,3.84,3.79,3.73,3.91,3.68,5185163.0,19513905.0,14:22:47,2026-07-03T14:23:17+08:00,2026-07-03T14:23:17+08:00,akshare_stock_zh_a_spot,0
bj920576,天力复合,63.44,2.67,4.394,63.3,63.44,60.77,60.05,64.99,60.05,3165887.0,199610252.0,14:22:47,2026-07-03T14:23:17+08:00,2026-07-03T14:23:17+08:00,akshare_stock_zh_a_spot,0
bj920578,巨能股份,23.6,2.58,12.274,23.6,23.65,21.02,21.2,24.98,21.0,6070608.0,138028539.0,14:22:47,2026-07-03T14:23:17+08:00,2026-07-03T14:23:17+08:00,akshare_stock_zh_a_spot,0
bj920579,机科股份,17.43,1.43,8.938,17.41,17.43,16.0,16.01,18.16,16.0,3139810.0,53594923.0,14:22:47,2026-07-03T14:23:17+08:00,2026-07-03T14:23:17+08:00,akshare_stock_zh_a_spot,0
bj920580,科创新材,11.11,0.17,1.554,11.11,11.13,10.94,11.14,11.2,10.83,1537994.0,17031681.0,14:22:47,2026-07-03T14:23:17+08:00,2026-07-03T14:23:17+08:00,akshare_stock_zh_a_spot,0
bj920592,华信永道,22.29,0.39,1.781,22.28,22.29,21.9,22.01,22.69,21.77,1645635.0,36405125.0,14:22:47,2026-07-03T14:23:17+08:00,2026-07-03T14:23:17+08:00,akshare_stock_zh_a_spot,0
bj920593,鼎智科技,32.93,3.05,10.207,32.92,32.93,29.88,30.32,33.98,30.3,11053904.0,356398834.0,14:22:47,2026-07-03T14:23:17+08:00,2026-07-03T14:23:17+08:00,akshare_stock_zh_a_spot,0
bj920599,同力股份,17.3,0.17,0.992,17.3,17.32,17.13,17.0,17.53,16.94,4501194.0,77794752.0,14:22:47,2026-07-03T14:23:17+08:00,2026-07-03T14:23:17+08:00,akshare_stock_zh_a_spot,0
bj920608,丰安股份,12.68,0.33,2.672,12.66,12.7,12.35,12.75,12.87,12.45,217874.0,2759667.0,14:22:47,2026-07-03T14:23:17+08:00,2026-07-03T14:23:17+08:00,akshare_stock_zh_a_spot,0
bj920627,力王股份,15.9,0.5,3.247,15.9,15.92,15.4,15.42,16.3,15.3,1303123.0,20468002.0,14:22:47,2026-07-03T14:23:17+08:00,2026-07-03T14:23:17+08:00,akshare_stock_zh_a_spot,0
bj920634,新威凌,17.38,0.28,1.637,17.35,17.36,17.1,18.16,18.99,17.14,3373824.0,60920969.0,14:22:47,2026-07-03T14:23:17+08:00,2026-07-03T14:23:17+08:00,akshare_stock_zh_a_spot,0
bj920639,晨光电缆,6.31,0.05,0.799,6.3,6.31,6.26,6.28,6.35,6.23,955253.0,6007545.0,14:22:47,2026-07-03T14:23:17+08:00,2026-07-03T14:23:17+08:00,akshare_stock_zh_a_spot,0
bj920640,富士达,33.84,1.84,5.75,33.88,33.9,32.0,32.02,34.2,32.02,4983408.0,165786873.0,14:22:47,2026-07-03T14:23:17+08:00,2026-07-03T14:23:17+08:00,akshare_stock_zh_a_spot,0
bj920641,格利尔,13.83,0.22,1.616,13.79,13.82,13.61,13.65,13.89,13.5,579433.0,7944128.0,14:22:47,2026-07-03T14:23:17+08:00,2026-07-03T14:23:17+08:00,akshare_stock_zh_a_spot,0
bj920642,通易航天,11.84,0.96,8.824,11.83,11.84,10.88,10.99,13.12,10.88,8118416.0,98982840.0,14:22:47,2026-07-03T14:23:17+08:00,2026-07-03T14:23:17+08:00,akshare_stock_zh_a_spot,0
bj920651,天罡股份,19.49,0.5,2.633,19.41,19.5,18.99,18.99,19.57,18.92,341383.0,6601474.0,14:22:47,2026-07-03T14:23:17+08:00,2026-07-03T14:23:17+08:00,akshare_stock_zh_a_spot,0
bj920656,海昇药业,13.92,0.01,0.072,13.92,13.94,13.91,14.05,14.19,13.67,519510.0,7204450.0,14:22:47,2026-07-03T14:23:17+08:00,2026-07-03T14:23:17+08:00,akshare_stock_zh_a_spot,0
bj920662,方盛股份,24.89,-0.92,-3.565,24.87,24.89,25.81,26.17,27.31,24.81,3604900.0,93989316.0,14:22:47,2026-07-03T14:23:17+08:00,2026-07-03T14:23:17+08:00,akshare_stock_zh_a_spot,0
bj920663,明阳科技,14.1,0.84,6.335,14.09,14.1,13.26,13.15,14.26,13.13,1990012.0,27501981.0,14:22:47,2026-07-03T14:23:17+08:00,2026-07-03T14:23:17+08:00,akshare_stock_zh_a_spot,0
bj920665,科强股份,9.51,0.26,2.811,9.48,9.5,9.25,9.21,9.56,9.21,1155095.0,10889724.0,14:22:47,2026-07-03T14:23:17+08:00,2026-07-03T14:23:17+08:00,akshare_stock_zh_a_spot,0
bj920670,数字人,13.74,0.04,0.292,13.72,13.74,13.7,13.62,13.97,13.53,1088122.0,14905858.0,14:22:53,2026-07-03T14:23:17+08:00,2026-07-03T14:23:17+08:00,akshare_stock_zh_a_spot,0
bj920675,秉扬科技,7.77,0.16,2.102,7.76,7.77,7.61,7.7,7.87,7.64,1517919.0,11794814.0,14:22:53,2026-07-03T14:23:17+08:00,2026-07-03T14:23:17+08:00,akshare_stock_zh_a_spot,0
bj920679,前进科技,14.85,0.39,2.697,14.74,14.85,14.46,14.46,14.95,14.3,320495.0,4665252.0,14:22:53,2026-07-03T14:23:17+08:00,2026-07-03T14:23:17+08:00,akshare_stock_zh_a_spot,0
bj920682,球冠电缆,6.12,0.05,0.824,6.11,6.12,6.07,6.05,6.14,6.02,1436938.0,8753388.0,14:22:53,2026-07-03T14:23:17+08:00,2026-07-03T14:23:17+08:00,akshare_stock_zh_a_spot,0
bj920685,新芝生物,10.39,0.02,0.193,10.39,10.44,10.37,10.41,10.48,10.2,582298.0,6031601.0,14:22:53,2026-07-03T14:23:17+08:00,2026-07-03T14:23:17+08:00,akshare_stock_zh_a_spot,0
bj920689,克莱特,22.22,0.67,3.109,22.23,22.26,21.55,21.54,22.29,21.54,668402.0,14731706.0,14:22:53,2026-07-03T14:23:17+08:00,2026-07-03T14:23:17+08:00,akshare_stock_zh_a_spot,0
bj920690,捷众科技,16.68,1.05,6.718,16.69,16.7,15.63,15.57,16.78,15.55,1376194.0,22399559.0,14:22:53,2026-07-03T14:23:17+08:00,2026-07-03T14:23:17+08:00,akshare_stock_zh_a_spot,0
bj920693,阿为特,29.77,0.47,1.604,29.77,29.78,29.3,29.31,30.16,28.66,1252924.0,36847871.0,14:22:53,2026-07-03T14:23:17+08:00,2026-07-03T14:23:17+08:00,akshare_stock_zh_a_spot,0
bj920694,中裕科技,13.9,0.15,1.091,13.84,13.91,13.75,13.62,13.96,13.42,557761.0,7649944.0,14:22:53,2026-07-03T14:23:17+08:00,2026-07-03T14:23:17+08:00,akshare_stock_zh_a_spot,0
bj920699,海达尔,109.01,1.81,1.688,109.01,109.96,107.2,107.2,116.0,95.0,1724356.0,182895356.0,14:22:53,2026-07-03T14:23:17+08:00,2026-07-03T14:23:17+08:00,akshare_stock_zh_a_spot,0
bj920701,豪声电子,10.97,0.2,1.857,10.96,10.97,10.77,10.74,11.05,10.74,611285.0,6674886.0,14:22:53,2026-07-03T14:23:17+08:00,2026-07-03T14:23:17+08:00,akshare_stock_zh_a_spot,0
bj920703,广厦环能,9.75,0.17,1.775,9.69,9.75,9.58,9.63,9.75,9.56,407342.0,3944133.0,14:22:53,2026-07-03T14:23:17+08:00,2026-07-03T14:23:17+08:00,akshare_stock_zh_a_spot,0
bj920706,铁拓机械,16.55,0.26,1.596,16.52,16.57,16.29,16.38,16.67,16.33,1125717.0,18598267.0,14:22:53,2026-07-03T14:23:17+08:00,2026-07-03T14:23:17+08:00,akshare_stock_zh_a_spot,0
bj920717,瑞星股份,6.48,0.07,1.092,6.49,6.51,6.41,6.43,6.55,6.35,611135.0,3949377.0,14:22:53,2026-07-03T14:23:17+08:00,2026-07-03T14:23:17+08:00,akshare_stock_zh_a_spot,0
bj920718,合肥高科,9.7,0.16,1.677,9.72,9.73,9.54,9.6,9.95,9.55,816641.0,7979015.0,14:22:53,2026-07-03T14:23:17+08:00,2026-07-03T14:23:17+08:00,akshare_stock_zh_a_spot,0
bj920719,宁新新材,9.79,-0.21,-2.1,9.77,9.79,10.0,9.92,10.15,9.66,2871020.0,28217924.0,14:22:53,2026-07-03T14:23:17+08:00,2026-07-03T14:23:17+08:00,akshare_stock_zh_a_spot,0
bj920720,吉冈精密,10.8,0.61,5.986,10.8,10.81,10.19,10.14,11.11,10.12,4452647.0,47674503.0,14:22:53,2026-07-03T14:23:17+08:00,2026-07-03T14:23:17+08:00,akshare_stock_zh_a_spot,0
bj920725,惠丰钻石,99.9,-6.55,-6.153,99.9,99.91,106.45,102.76,104.99,96.3,5721656.0,573686565.0,14:22:53,2026-07-03T14:23:17+08:00,2026-07-03T14:23:17+08:00,akshare_stock_zh_a_spot,0
bj920726,朱老六,17.12,-0.46,-2.617,17.13,17.14,17.58,17.5,17.88,17.01,2518177.0,43740335.0,14:22:53,2026-07-03T14:23:17+08:00,2026-07-03T14:23:17+08:00,akshare_stock_zh_a_spot,0
bj920729,永顺生物,6.53,0.04,0.616,6.51,6.54,6.49,6.47,6.59,6.42,733045.0,4772618.0,14:22:53,2026-07-03T14:23:17+08:00,2026-07-03T14:23:17+08:00,akshare_stock_zh_a_spot,0
bj920735,德源药业,26.06,0.11,0.424,26.07,26.08,25.95,26.22,26.98,25.57,3402193.0,88643913.0,14:22:53,2026-07-03T14:23:17+08:00,2026-07-03T14:23:17+08:00,akshare_stock_zh_a_spot,0
bj920748,路桥信息,24.17,-0.17,-0.698,24.12,24.16,24.34,24.56,25.1,23.74,1188778.0,28858584.0,14:22:53,2026-07-03T14:23:17+08:00,2026-07-03T14:23:17+08:00,akshare_stock_zh_a_spot,0
bj920751,惠同新材,20.64,0.39,1.926,20.64,20.74,20.25,20.33,20.98,20.06,762023.0,15697310.0,14:22:53,2026-07-03T14:23:17+08:00,2026-07-03T14:23:17+08:00,akshare_stock_zh_a_spot,0
bj920753,天纺标,15.74,-0.17,-1.069,15.74,15.78,15.91,15.96,16.04,15.51,773210.0,12219117.0,14:22:53,2026-07-03T14:23:17+08:00,2026-07-03T14:23:17+08:00,akshare_stock_zh_a_spot,0
bj920765,美之高,11.21,0.36,3.318,11.2,11.22,10.85,11.19,11.29,11.06,1003007.0,11229284.0,14:22:53,2026-07-03T14:23:17+08:00,2026-07-03T14:23:17+08:00,akshare_stock_zh_a_spot,0
bj920768,拾比佰,7.0,0.03,0.43,7.0,7.01,6.97,6.99,7.05,6.88,1152437.0,8033411.0,14:22:53,2026-07-03T14:23:17+08:00,2026-07-03T14:23:17+08:00,akshare_stock_zh_a_spot,0
bj920770,艾能聚,10.93,0.1,0.923,10.92,10.93,10.83,10.7,10.98,10.68,1834981.0,19897418.0,14:22:53,2026-07-03T14:23:17+08:00,2026-07-03T14:23:17+08:00,akshare_stock_zh_a_spot,0
bj920779,武汉蓝电,23.73,0.41,1.758,23.68,23.77,23.32,23.01,24.23,23.01,419653.0,9906914.0,14:22:53,2026-07-03T14:23:17+08:00,2026-07-03T14:23:17+08:00,akshare_stock_zh_a_spot,0
bj920781,瑞奇智造,5.43,0.05,0.929,5.41,5.43,5.38,5.41,5.5,5.33,1373505.0,7416567.0,14:22:53,2026-07-03T14:23:17+08:00,2026-07-03T14:23:17+08:00,akshare_stock_zh_a_spot,0
bj920786,骑士乳业,6.27,0.04,0.642,6.26,6.27,6.23,6.24,6.37,6.18,3575495.0,22389030.0,14:22:53,2026-07-03T14:23:17+08:00,2026-07-03T14:23:17+08:00,akshare_stock_zh_a_spot,0
bj920790,联迪信息,28.18,1.38,5.149,28.18,28.21,26.8,28.8,28.89,26.7,5564071.0,153859695.0,14:22:53,2026-07-03T14:23:17+08:00,2026-07-03T14:23:17+08:00,akshare_stock_zh_a_spot,0
bj920792,东和新材,9.94,0.16,1.636,9.92,9.94,9.78,9.75,9.95,9.69,527588.0,5187995.0,14:22:53,2026-07-03T14:23:17+08:00,2026-07-03T14:23:17+08:00,akshare_stock_zh_a_spot,0
bj920799,艾融软件,36.94,0.88,2.44,36.88,36.93,36.06,36.4,37.8,35.66,5883416.0,216246553.0,14:22:53,2026-07-03T14:23:17+08:00,2026-07-03T14:23:17+08:00,akshare_stock_zh_a_spot,0
bj920802,保丽洁,10.17,0.15,1.497,10.17,10.21,10.02,10.07,10.31,10.01,336169.0,3419264.0,14:22:53,2026-07-03T14:23:17+08:00,2026-07-03T14:23:17+08:00,akshare_stock_zh_a_spot,0
bj920806,云星宇,10.12,0.23,2.326,10.12,10.13,9.89,9.9,10.14,9.9,1476432.0,14872485.0,14:22:53,2026-07-03T14:23:17+08:00,2026-07-03T14:23:17+08:00,akshare_stock_zh_a_spot,0
bj920807,奔朗新材,12.01,-0.19,-1.557,12.01,12.02,12.2,12.08,12.33,11.84,5776185.0,69379870.0,14:22:53,2026-07-03T14:23:17+08:00,2026-07-03T14:23:17+08:00,akshare_stock_zh_a_spot,0
bj920808,曙光数创,80.54,1.14,1.436,80.5,80.54,79.4,79.4,82.32,79.06,2224720.0,180053561.0,14:22:53,2026-07-03T14:23:17+08:00,2026-07-03T14:23:17+08:00,akshare_stock_zh_a_spot,0
bj920809,安达科技,9.06,0.1,1.116,9.06,9.07,8.96,9.09,9.29,9.05,10964152.0,100109037.0,14:22:53,2026-07-03T14:23:17+08:00,2026-07-03T14:23:17+08:00,akshare_stock_zh_a_spot,0
bj920810,春光智能,8.26,0.21,2.609,8.26,8.28,8.05,8.03,8.77,7.93,1640777.0,13635923.0,14:22:53,2026-07-03T14:23:17+08:00,2026-07-03T14:23:17+08:00,akshare_stock_zh_a_spot,0
bj920819,颖泰生物,2.74,0.03,1.107,2.74,2.75,2.71,2.71,2.78,2.69,3959768.0,10814450.0,14:22:53,2026-07-03T14:23:17+08:00,2026-07-03T14:23:17+08:00,akshare_stock_zh_a_spot,0
bj920821,则成电子,19.7,0.29,1.494,19.7,19.75,19.41,19.45,19.97,19.3,1032791.0,20280442.0,14:22:53,2026-07-03T14:23:17+08:00,2026-07-03T14:23:17+08:00,akshare_stock_zh_a_spot,0
bj920826,盖世食品,8.1,0.06,0.746,8.1,8.11,8.04,8.08,8.2,7.99,1221111.0,9883701.0,14:22:53,2026-07-03T14:23:17+08:00,2026-07-03T14:23:17+08:00,akshare_stock_zh_a_spot,0
bj920832,齐鲁华信,6.03,0.07,1.174,6.03,6.06,5.96,5.94,6.1,5.9,853165.0,5140479.0,14:22:53,2026-07-03T14:23:17+08:00,2026-07-03T14:23:17+08:00,akshare_stock_zh_a_spot,0
bj920833,美心翼申,9.4,0.15,1.622,9.42,9.44,9.25,9.2,9.5,9.17,778351.0,7285088.0,14:22:53,2026-07-03T14:23:17+08:00,2026-07-03T14:23:17+08:00,akshare_stock_zh_a_spot,0
bj920834,三维装备,9.48,0.08,0.851,9.45,9.48,9.4,9.43,9.57,9.25,1079794.0,10171107.0,14:22:53,2026-07-03T14:23:17+08:00,2026-07-03T14:23:17+08:00,akshare_stock_zh_a_spot,0
bj920837,华原股份,9.82,0.22,2.292,9.81,9.82,9.6,9.65,9.94,9.4,878909.0,8577230.0,14:22:53,2026-07-03T14:23:17+08:00,2026-07-03T14:23:17+08:00,akshare_stock_zh_a_spot,0
bj920839,万通液压,29.92,1.79,6.363,29.89,29.93,28.13,28.15,30.9,27.5,2458004.0,72201054.0,14:22:53,2026-07-03T14:23:17+08:00,2026-07-03T14:23:17+08:00,akshare_stock_zh_a_spot,0
bj920855,浙江大农,11.58,0.17,1.49,11.58,11.62,11.41,11.38,11.66,11.33,144199.0,1663937.0,14:22:53,2026-07-03T14:23:17+08:00,2026-07-03T14:23:17+08:00,akshare_stock_zh_a_spot,0
bj920856,浩淼科技,8.76,0.33,3.915,8.75,8.76,8.43,8.47,8.86,8.41,1325507.0,11458566.0,14:22:53,2026-07-03T14:23:17+08:00,2026-07-03T14:23:17+08:00,akshare_stock_zh_a_spot,0
bj920857,泓禧科技,13.98,0.47,3.479,13.86,13.98,13.51,13.55,14.19,13.51,589619.0,8178926.0,14:22:53,2026-07-03T14:23:17+08:00,2026-07-03T14:23:17+08:00,akshare_stock_zh_a_spot,0
bj920866,绿亨科技,5.77,0.04,0.698,5.77,5.78,5.73,5.71,5.82,5.69,1031892.0,5936753.0,14:22:53,2026-07-03T14:23:17+08:00,2026-07-03T14:23:17+08:00,akshare_stock_zh_a_spot,0
bj920870,恒进感应,13.11,0.36,2.824,13.11,13.12,12.75,12.68,13.3,12.63,2222731.0,28925445.0,14:22:53,2026-07-03T14:23:17+08:00,2026-07-03T14:23:17+08:00,akshare_stock_zh_a_spot,0
bj920871,派特尔,10.92,0.17,1.581,10.92,10.98,10.75,10.74,11.0,10.69,391291.0,4253874.0,14:22:53,2026-07-03T14:23:17+08:00,2026-07-03T14:23:17+08:00,akshare_stock_zh_a_spot,0
bj920873,中设咨询,7.16,0.0,0.0,7.16,7.17,7.16,7.1,7.23,7.05,1127686.0,8081966.0,14:22:53,2026-07-03T14:23:17+08:00,2026-07-03T14:23:17+08:00,akshare_stock_zh_a_spot,0
bj920876,慧为智能,17.45,0.58,3.438,17.45,17.5,16.87,16.8,17.6,16.8,965076.0,16642388.0,14:22:53,2026-07-03T14:23:17+08:00,2026-07-03T14:23:17+08:00,akshare_stock_zh_a_spot,0
bj920879,基康技术,13.95,0.41,3.028,13.92,13.96,13.54,13.51,14.06,13.33,1152397.0,15961539.0,14:22:53,2026-07-03T14:23:17+08:00,2026-07-03T14:23:17+08:00,akshare_stock_zh_a_spot,0
bj920885,星辰科技,13.19,0.59,4.683,13.19,13.2,12.6,12.77,13.28,12.6,2455334.0,31915355.0,14:22:53,2026-07-03T14:23:17+08:00,2026-07-03T14:23:17+08:00,akshare_stock_zh_a_spot,0
bj920892,广咨国际,11.31,0.13,1.163,11.28,11.32,11.18,11.29,11.4,11.17,499183.0,5634244.0,14:22:53,2026-07-03T14:23:17+08:00,2026-07-03T14:23:17+08:00,akshare_stock_zh_a_spot,0
bj920895,花溪科技,11.85,0.22,1.892,11.86,11.91,11.63,11.89,12.0,11.61,341436.0,4030036.0,14:22:53,2026-07-03T14:23:17+08:00,2026-07-03T14:23:17+08:00,akshare_stock_zh_a_spot,0
bj920896,旺成科技,13.41,0.71,5.591,13.42,13.47,12.7,12.67,13.84,12.53,1432805.0,19009771.0,14:22:53,2026-07-03T14:23:17+08:00,2026-07-03T14:23:17+08:00,akshare_stock_zh_a_spot,0
bj920906,舜宇精工,18.83,1.18,6.686,18.83,18.9,17.65,17.67,19.6,17.67,2059897.0,38625112.0,14:22:53,2026-07-03T14:23:17+08:00,2026-07-03T14:23:17+08:00,akshare_stock_zh_a_spot,0
bj920914,远航精密,19.03,0.62,3.368,19.02,19.03,18.41,18.63,19.07,18.53,1314166.0,24723287.0,14:22:53,2026-07-03T14:23:17+08:00,2026-07-03T14:23:17+08:00,akshare_stock_zh_a_spot,0
bj920924,广脉科技,14.78,0.15,1.025,14.76,14.78,14.63,14.63,14.99,14.43,1014526.0,14911939.0,14:22:53,2026-07-03T14:23:17+08:00,2026-07-03T14:23:17+08:00,akshare_stock_zh_a_spot,0
bj920925,锦好医疗,11.01,0.15,1.381,11.0,11.01,10.86,10.91,11.13,10.81,1176275.0,12912748.0,14:22:53,2026-07-03T14:23:17+08:00,2026-07-03T14:23:17+08:00,akshare_stock_zh_a_spot,0
bj920926,鸿智科技,10.09,0.29,2.959,10.08,10.11,9.8,9.82,10.18,9.82,326379.0,3277304.0,14:22:53,2026-07-03T14:23:17+08:00,2026-07-03T14:23:17+08:00,akshare_stock_zh_a_spot,0
bj920931,无锡鼎邦,9.47,0.08,0.852,9.48,9.5,9.39,9.37,9.86,9.23,985599.0,9334228.0,14:22:53,2026-07-03T14:23:17+08:00,2026-07-03T14:23:17+08:00,akshare_stock_zh_a_spot,0
bj920932,科达自控,14.09,1.63,13.082,14.08,14.09,12.46,13.0,15.5,13.0,7461750.0,107240234.0,14:22:53,2026-07-03T14:23:17+08:00,2026-07-03T14:23:17+08:00,akshare_stock_zh_a_spot,0
bj920942,恒立钻具,18.35,0.3,1.662,18.29,18.35,18.05,18.18,18.59,18.0,801824.0,14609277.0,14:22:53,2026-07-03T14:23:17+08:00,2026-07-03T14:23:17+08:00,akshare_stock_zh_a_spot,0
bj920943,优机股份,13.42,0.33,2.521,13.42,13.49,13.09,13.3,13.68,13.13,674563.0,9047380.0,14:22:53,2026-07-03T14:23:17+08:00,2026-07-03T14:23:17+08:00,akshare_stock_zh_a_spot,0
bj920946,森萱医药,9.99,0.03,0.301,9.98,9.99,9.96,10.06,10.14,9.85,2951481.0,29439123.0,14:22:53,2026-07-03T14:23:17+08:00,2026-07-03T14:23:17+08:00,akshare_stock_zh_a_spot,0
bj920950,迅安科技,12.48,0.14,1.135,12.49,12.54,12.34,12.3,12.58,12.26,167647.0,2088476.0,14:22:53,2026-07-03T14:23:17+08:00,2026-07-03T14:23:17+08:00,akshare_stock_zh_a_spot,0
bj920953,国子软件,22.97,0.21,0.923,22.93,23.03,22.76,22.76,23.36,22.43,1011255.0,23019760.0,14:22:53,2026-07-03T14:23:17+08:00,2026-07-03T14:23:17+08:00,akshare_stock_zh_a_spot,0
bj920957,汉维科技,8.7,0.03,0.346,8.69,8.7,8.67,8.66,8.79,8.44,514565.0,4451881.0,14:22:53,2026-07-03T14:23:17+08:00,2026-07-03T14:23:17+08:00,akshare_stock_zh_a_spot,0
bj920961,创远信科,26.12,2.04,8.472,26.12,26.13,24.08,23.84,26.62,23.81,6513579.0,167294793.0,14:22:53,2026-07-03T14:23:17+08:00,2026-07-03T14:23:17+08:00,akshare_stock_zh_a_spot,0
bj920964,润农节水,4.44,0.05,1.139,4.44,4.45,4.39,4.4,4.44,4.35,1343315.0,5924554.0,14:22:53,2026-07-03T14:23:17+08:00,2026-07-03T14:23:17+08:00,akshare_stock_zh_a_spot,0
bj920970,大禹生物,5.96,-0.3,-4.792,5.94,5.96,6.26,6.19,6.21,5.9,6991702.0,42065139.0,14:22:53,2026-07-03T14:23:17+08:00,2026-07-03T14:23:17+08:00,akshare_stock_zh_a_spot,0
bj920971,天马新材,37.76,1.24,3.395,37.77,37.84,36.52,36.72,38.85,35.36,5884351.0,219686251.0,14:22:53,2026-07-03T14:23:17+08:00,2026-07-03T14:23:17+08:00,akshare_stock_zh_a_spot,0
bj920974,凯大催化,6.2,0.11,1.806,6.19,6.2,6.09,6.17,6.21,6.06,1103924.0,6780689.0,14:22:53,2026-07-03T14:23:17+08:00,2026-07-03T14:23:17+08:00,akshare_stock_zh_a_spot,0
bj920976,视声智能,16.94,0.58,3.545,16.9,16.94,16.36,16.4,17.07,16.4,527935.0,8838499.0,14:22:53,2026-07-03T14:23:17+08:00,2026-07-03T14:23:17+08:00,akshare_stock_zh_a_spot,0
bj920978,开特股份,23.4,1.73,7.983,23.39,23.4,21.67,21.5,23.8,21.31,4710907.0,106986362.0,14:22:53,2026-07-03T14:23:17+08:00,2026-07-03T14:23:17+08:00,akshare_stock_zh_a_spot,0
bj920981,晶赛科技,46.5,0.44,0.955,46.5,46.51,46.06,45.02,48.0,42.73,5047378.0,232013522.0,14:22:50,2026-07-03T14:23:17+08:00,2026-07-03T14:23:17+08:00,akshare_stock_zh_a_spot,0
bj920982,锦波生物,127.95,-1.66,-1.281,127.89,127.95,129.61,129.56,132.07,127.01,875646.0,113034521.0,14:22:50,2026-07-03T14:23:17+08:00,2026-07-03T14:23:17+08:00,akshare_stock_zh_a_spot,0
bj920985,海泰新能,4.9,0.07,1.449,4.89,4.9,4.83,4.9,4.93,4.8,1813334.0,8825927.0,14:22:50,2026-07-03T14:23:17+08:00,2026-07-03T14:23:17+08:00,akshare_stock_zh_a_spot,0
bj920992,中科美菱,12.01,0.29,2.474,11.97,12.01,11.72,11.79,12.09,11.7,629780.0,7460190.0,14:22:50,2026-07-03T14:23:17+08:00,2026-07-03T14:23:17+08:00,akshare_stock_zh_a_spot,0
sh600000,浦发银行,8.67,-0.03,-0.345,8.66,8.67,8.7,8.69,8.82,8.59,62381361.0,542335075.0,14:22:53,2026-07-03T14:23:17+08:00,2026-07-03T14:23:17+08:00,akshare_stock_zh_a_spot,0
sh600004,白云机场,7.5,0.09,1.215,7.5,7.51,7.41,7.43,7.55,7.41,11869502.0,89006125.0,14:22:53,2026-07-03T14:23:17+08:00,2026-07-03T14:23:17+08:00,akshare_stock_zh_a_spot,0
sh600006,东风股份,5.32,0.13,2.505,5.32,5.33,5.19,5.2,5.34,5.2,16274600.0,85998294.0,14:22:55,2026-07-03T14:23:17+08:00,2026-07-03T14:23:17+08:00,akshare_stock_zh_a_spot,0
sh600007,中国国贸,19.02,-0.09,-0.471,19.01,19.03,19.11,19.12,19.35,18.93,1550900.0,29709986.0,14:22:53,2026-07-03T14:23:17+08:00,2026-07-03T14:23:17+08:00,akshare_stock_zh_a_spot,0
sh600008,首创环保,2.79,0.05,1.825,2.78,2.79,2.74,2.75,2.8,2.74,58507800.0,162438638.0,14:22:55,2026-07-03T14:23:17+08:00,2026-07-03T14:23:17+08:00,akshare_stock_zh_a_spot,0
sh600009,上海机场,22.9,-0.13,-0.564,22.89,22.9,23.03,23.17,23.31,22.71,13487543.0,309696662.0,14:22:54,2026-07-03T14:23:17+08:00,2026-07-03T14:23:17+08:00,akshare_stock_zh_a_spot,0
sh600010,包钢股份,2.25,0.03,1.351,2.24,2.25,2.22,2.23,2.26,2.21,521510982.0,1163474001.0,14:22:54,2026-07-03T14:23:17+08:00,2026-07-03T14:23:17+08:00,akshare_stock_zh_a_spot,0
sh600011,XD华能国,7.1,-0.11,-1.526,7.1,7.11,7.21,7.15,7.22,7.07,139702709.0,997407140.0,14:22:54,2026-07-03T14:23:17+08:00,2026-07-03T14:23:17+08:00,akshare_stock_zh_a_spot,0
sh600012,皖通高速,16.15,0.17,1.064,16.13,16.15,15.98,16.04,16.43,15.89,2954500.0,47850621.0,14:22:53,2026-07-03T14:23:17+08:00,2026-07-03T14:23:17+08:00,akshare_stock_zh_a_spot,0
sh600015,华夏银行,6.63,0.02,0.303,6.63,6.64,6.61,6.59,6.69,6.57,57250060.0,379945360.0,14:22:54,2026-07-03T14:23:17+08:00,2026-07-03T14:23:17+08:00,akshare_stock_zh_a_spot,0
sh600016,民生银行,3.3,0.03,0.917,3.29,3.3,3.27,3.27,3.32,3.25,226017466.0,743528162.0,14:22:53,2026-07-03T14:23:17+08:00,2026-07-03T14:23:17+08:00,akshare_stock_zh_a_spot,0
sh600017,日照港,2.59,0.01,0.388,2.59,2.6,2.58,2.57,2.61,2.56,17963291.0,46476307.0,14:22:53,2026-07-03T14:23:17+08:00,2026-07-03T14:23:17+08:00,akshare_stock_zh_a_spot,0
sh600018,上港集团,4.85,0.02,0.414,4.85,4.86,4.83,4.83,4.91,4.82,44466600.0,216491823.0,14:22:54,2026-07-03T14:23:17+08:00,2026-07-03T14:23:17+08:00,akshare_stock_zh_a_spot,0
sh600019,宝钢股份,5.6,-0.01,-0.178,5.59,5.6,5.61,5.62,5.69,5.54,61275710.0,343805390.0,14:22:53,2026-07-03T14:23:17+08:00,2026-07-03T14:23:17+08:00,akshare_stock_zh_a_spot,0
sh600020,中原高速,3.78,0.06,1.613,3.77,3.78,3.72,3.72,3.79,3.71,9199400.0,34604363.0,14:22:54,2026-07-03T14:23:17+08:00,2026-07-03T14:23:17+08:00,akshare_stock_zh_a_spot,0
sh600021,上海电力,15.0,0.28,1.902,14.99,15.0,14.72,14.73,15.05,14.66,31091327.0,463649375.0,14:22:53,2026-07-03T14:23:17+08:00,2026-07-03T14:23:17+08:00,akshare_stock_zh_a_spot,0
sh600022,山东钢铁,1.28,0.01,0.787,1.27,1.28,1.27,1.27,1.29,1.26,52233441.0,66627045.0,14:22:54,2026-07-03T14:23:17+08:00,2026-07-03T14:23:17+08:00,akshare_stock_zh_a_spot,0
sh600023,浙能电力,5.4,-0.06,-1.099,5.4,5.41,5.46,5.47,5.49,5.37,42882600.0,232408505.0,14:22:54,2026-07-03T14:23:17+08:00,2026-07-03T14:23:17+08:00,akshare_stock_zh_a_spot,0
sh600025,华能水电,9.18,0.05,0.548,9.17,9.18,9.13,9.13,9.28,9.1,20256911.0,186206380.0,14:22:52,2026-07-03T14:23:17+08:00,2026-07-03T14:23:17+08:00,akshare_stock_zh_a_spot,0
sh600026,中远海能,17.43,0.93,5.636,17.42,17.43,16.5,17.32,17.81,17.1,79858971.0,1395608328.0,14:22:55,2026-07-03T14:23:17+08:00,2026-07-03T14:23:17+08:00,akshare_stock_zh_a_spot,0
sh600027,华电国际,4.53,-0.03,-0.658,4.53,4.54,4.56,4.57,4.58,4.51,57441700.0,260842355.0,14:22:53,2026-07-03T14:23:17+08:00,2026-07-03T14:23:17+08:00,akshare_stock_zh_a_spot,0
sh600028,中国石化,4.7,0.1,2.174,4.7,4.71,4.6,4.62,4.72,4.61,247864441.0,1154900212.0,14:22:53,2026-07-03T14:23:17+08:00,2026-07-03T14:23:17+08:00,akshare_stock_zh_a_spot,0
sh600029,南方航空,5.23,-0.03,-0.57,5.23,5.24,5.26,5.26,5.31,5.17,85708588.0,448359927.0,14:22:53,2026-07-03T14:23:17+08:00,2026-07-03T14:23:17+08:00,akshare_stock_zh_a_spot,0
sh600030,中信证券,28.92,0.3,1.048,28.92,28.93,28.62,28.88,29.12,28.33,193073830.0,5540554867.0,14:22:54,2026-07-03T14:23:17+08:00,2026-07-03T14:23:17+08:00,akshare_stock_zh_a_spot,0
sh600031,三一重工,18.63,0.86,4.84,18.62,18.63,17.77,17.85,18.67,17.85,125380822.0,2301429727.0,14:22:54,2026-07-03T14:23:17+08:00,2026-07-03T14:23:17+08:00,akshare_stock_zh_a_spot,0
sh600032,浙江新能,7.11,0.01,0.141,7.11,7.12,7.1,7.07,7.16,7.0,23256492.0,164638821.0,14:22:55,2026-07-03T14:23:17+08:00,2026-07-03T14:23:17+08:00,akshare_stock_zh_a_spot,0
sh600033,福建高速,3.38,0.01,0.297,3.38,3.39,3.37,3.36,3.42,3.36,11022000.0,37307533.0,14:22:54,2026-07-03T14:23:17+08:00,2026-07-03T14:23:17+08:00,akshare_stock_zh_a_spot,0
sh600035,楚天高速,3.45,0.04,1.173,3.45,3.46,3.41,3.41,3.47,3.41,4460780.0,15378874.0,14:22:47,2026-07-03T14:23:17+08:00,2026-07-03T14:23:17+08:00,akshare_stock_zh_a_spot,0
sh600036,招商银行,36.75,0.15,0.41,36.75,36.76,36.6,36.67,37.06,36.35,71801888.0,2636067387.0,14:22:53,2026-07-03T14:23:17+08:00,2026-07-03T14:23:17+08:00,akshare_stock_zh_a_spot,0
sh600037,歌华有线,6.34,0.02,0.316,6.33,6.34,6.32,6.32,6.4,6.29,12879257.0,81746207.0,14:22:54,2026-07-03T14:23:17+08:00,2026-07-03T14:23:17+08:00,akshare_stock_zh_a_spot,0
sh600038,中直股份,26.22,0.83,3.269,26.21,26.22,25.39,25.45,26.3,25.45,6267884.0,162841876.0,14:22:55,2026-07-03T14:23:17+08:00,2026-07-03T14:23:17+08:00,akshare_stock_zh_a_spot,0
sh600039,四川路桥,8.44,0.16,1.932,8.44,8.45,8.28,8.26,8.48,8.23,14027600.0,117653392.0,14:22:54,2026-07-03T14:23:17+08:00,2026-07-03T14:23:17+08:00,akshare_stock_zh_a_spot,0
sh600048,保利发展,4.68,0.03,0.645,4.68,4.69,4.65,4.67,4.74,4.63,107887993.0,505149473.0,14:22:54,2026-07-03T14:23:17+08:00,2026-07-03T14:23:17+08:00,akshare_stock_zh_a_spot,0
sh600050,中国联通,4.07,0.01,0.246,4.06,4.07,4.06,4.06,4.1,4.04,104761838.0,426097651.0,14:22:55,2026-07-03T14:23:17+08:00,2026-07-03T14:23:17+08:00,akshare_stock_zh_a_spot,0
sh600051,宁波联合,6.04,0.17,2.896,6.03,6.04,5.87,5.92,6.04,5.89,3454567.0,20636981.0,14:22:53,2026-07-03T14:23:17+08:00,2026-07-03T14:23:17+08:00,akshare_stock_zh_a_spot,0
sh600052,东望时代,3.86,0.09,2.387,3.86,3.87,3.77,3.71,3.91,3.71,16154100.0,61604474.0,14:22:55,2026-07-03T14:23:17+08:00,2026-07-03T14:23:17+08:00,akshare_stock_zh_a_spot,0
sh600053,*ST九鼎,8.58,0.22,2.632,8.57,8.58,8.36,8.43,8.65,8.37,2722400.0,23198098.0,14:22:40,2026-07-03T14:23:17+08:00,2026-07-03T14:23:17+08:00,akshare_stock_zh_a_spot,0
sh600054,黄山旅游,11.01,0.04,0.365,11.0,11.01,10.97,10.97,11.1,10.95,4815027.0,53092582.0,14:22:55,2026-07-03T14:23:17+08:00,2026-07-03T14:23:17+08:00,akshare_stock_zh_a_spot,0
sh600055,万东医疗,10.86,0.02,0.185,10.86,10.87,10.84,10.95,11.09,10.64,5382900.0,58311200.0,14:22:46,2026-07-03T14:23:17+08:00,2026-07-03T14:23:17+08:00,akshare_stock_zh_a_spot,0
sh600056,中国医药,9.13,0.11,1.22,9.12,9.13,9.02,9.05,9.22,9.02,12670886.0,115303566.0,14:22:53,2026-07-03T14:23:17+08:00,2026-07-03T14:23:17+08:00,akshare_stock_zh_a_spot,0
sh600057,厦门象屿,5.65,0.08,1.436,5.65,5.66,5.57,5.59,5.7,5.58,13785446.0,77826376.0,14:22:54,2026-07-03T14:23:17+08:00,2026-07-03T14:23:17+08:00,akshare_stock_zh_a_spot,0
sh600058,五矿发展,10.8,-0.48,-4.255,10.8,10.81,11.28,11.23,11.33,10.76,16141658.0,176606301.0,14:22:55,2026-07-03T14:23:17+08:00,2026-07-03T14:23:17+08:00,akshare_stock_zh_a_spot,0
sh600059,古越龙山,7.61,0.05,0.661,7.6,7.61,7.56,7.61,7.67,7.55,4589900.0,34942556.0,14:22:49,2026-07-03T14:23:17+08:00,2026-07-03T14:23:17+08:00,akshare_stock_zh_a_spot,0
sh600060,海信视像,27.61,0.83,3.099,27.6,27.61,26.78,26.71,27.86,26.58,12460641.0,340933910.0,14:22:54,2026-07-03T14:23:17+08:00,2026-07-03T14:23:17+08:00,akshare_stock_zh_a_spot,0
sh600061,国投资本,6.57,0.03,0.459,6.56,6.57,6.54,6.57,6.63,6.47,41822830.0,274029341.0,14:22:55,2026-07-03T14:23:17+08:00,2026-07-03T14:23:17+08:00,akshare_stock_zh_a_spot,0
sh600062,华润双鹤,17.02,0.27,1.612,17.01,17.02,16.75,16.76,17.1,16.71,8063445.0,136058418.0,14:22:53,2026-07-03T14:23:17+08:00,2026-07-03T14:23:17+08:00,akshare_stock_zh_a_spot,0
sh600063,皖维高新,7.68,-0.53,-6.456,7.68,7.69,8.21,8.12,8.3,7.68,141462450.0,1115310998.0,14:22:55,2026-07-03T14:23:17+08:00,2026-07-03T14:23:17+08:00,akshare_stock_zh_a_spot,0
sh600064,南京高科,7.34,0.07,0.963,7.34,7.35,7.27,7.3,7.41,7.29,9407946.0,69232100.0,14:22:45,2026-07-03T14:23:17+08:00,2026-07-03T14:23:17+08:00,akshare_stock_zh_a_spot,0
sh600066,宇通客车,28.93,1.42,5.162,28.93,28.94,27.51,27.6,29.01,27.52,25245496.0,721026423.0,14:22:54,2026-07-03T14:23:17+08:00,2026-07-03T14:23:17+08:00,akshare_stock_zh_a_spot,0
sh600067,冠城新材,2.95,-0.01,-0.338,2.94,2.95,2.96,2.93,2.98,2.88,25965917.0,75942045.0,14:22:55,2026-07-03T14:23:17+08:00,2026-07-03T14:23:17+08:00,akshare_stock_zh_a_spot,0
sh600071,凤凰光学,16.96,-0.14,-0.819,16.96,16.97,17.1,17.01,17.22,16.81,3197230.0,54250470.0,14:22:53,2026-07-03T14:23:17+08:00,2026-07-03T14:23:17+08:00,akshare_stock_zh_a_spot,0
sh600072,中船科技,8.9,0.26,3.009,8.9,8.91,8.64,8.69,8.98,8.68,23964131.0,211223089.0,14:22:53,2026-07-03T14:23:17+08:00,2026-07-03T14:23:17+08:00,akshare_stock_zh_a_spot,0
sh600073,光明肉业,4.94,0.02,0.407,4.94,4.95,4.92,4.92,4.99,4.89,6918100.0,34153205.0,14:22:54,2026-07-03T14:23:17+08:00,2026-07-03T14:23:17+08:00,akshare_stock_zh_a_spot,0
sh600075,新疆天业,4.28,-0.09,-2.059,4.28,4.29,4.37,4.38,4.5,4.26,26178520.0,113407111.0,14:22:52,2026-07-03T14:23:17+08:00,2026-07-03T14:23:17+08:00,akshare_stock_zh_a_spot,0
sh600076,康欣新材,3.42,-0.18,-5.0,3.42,3.43,3.6,3.43,3.59,3.35,60063521.0,206748133.0,14:22:53,2026-07-03T14:23:17+08:00,2026-07-03T14:23:17+08:00,akshare_stock_zh_a_spot,0
sh600078,澄星股份,12.79,-0.73,-5.399,12.78,12.79,13.52,13.35,13.38,12.7,39267245.0,507865105.0,14:22:54,2026-07-03T14:23:17+08:00,2026-07-03T14:23:17+08:00,akshare_stock_zh_a_spot,0
sh600079,ST人福,17.55,0.33,1.916,17.55,17.56,17.22,17.38,17.58,17.25,12473309.0,217257651.0,14:22:54,2026-07-03T14:23:17+08:00,2026-07-03T14:23:17+08:00,akshare_stock_zh_a_spot,0
sh600080,ST金花,5.03,0.17,3.498,5.02,5.03,4.86,4.86,5.04,4.81,6126842.0,30172401.0,14:22:55,2026-07-03T14:23:17+08:00,2026-07-03T14:23:17+08:00,akshare_stock_zh_a_spot,0
sh600081,东风科技,9.76,0.55,5.972,9.76,9.77,9.21,9.3,9.85,9.22,4462371.0,43088408.0,14:22:52,2026-07-03T14:23:17+08:00,2026-07-03T14:23:17+08:00,akshare_stock_zh_a_spot,0
sh600082,ST海泰,2.95,0.14,4.982,2.95,0.0,2.81,2.94,2.95,2.9,8152210.0,23955034.0,14:22:50,2026-07-03T14:23:17+08:00,2026-07-03T14:23:17+08:00,akshare_stock_zh_a_spot,0
sh600084,*ST尼雅,4.24,0.2,4.95,4.24,0.0,4.04,4.15,4.24,4.14,1323500.0,5569746.0,14:22:50,2026-07-03T14:23:17+08:00,2026-07-03T14:23:17+08:00,akshare_stock_zh_a_spot,0
sh600085,同仁堂,23.39,0.11,0.473,23.38,23.39,23.28,23.44,23.73,23.19,7121000.0,166638861.0,14:22:55,2026-07-03T14:23:17+08:00,2026-07-03T14:23:17+08:00,akshare_stock_zh_a_spot,0
sh600088,中视传媒,11.32,0.08,0.712,11.3,11.31,11.24,11.24,11.4,11.1,3852100.0,43267352.0,14:22:49,2026-07-03T14:23:17+08:00,2026-07-03T14:23:17+08:00,akshare_stock_zh_a_spot,0
sh600089,特变电工,22.1,0.27,1.237,22.1,22.11,21.83,21.83,22.24,21.79,71273652.0,1572700763.0,14:22:55,2026-07-03T14:23:17+08:00,2026-07-03T14:23:17+08:00,akshare_stock_zh_a_spot,0
sh600094,大名城,3.49,0.02,0.576,3.49,3.5,3.47,3.47,3.55,3.46,12782600.0,44781807.0,14:22:52,2026-07-03T14:23:17+08:00,2026-07-03T14:23:17+08:00,akshare_stock_zh_a_spot,0
sh600095,湘财股份,7.8,-0.02,-0.256,7.79,7.8,7.82,7.89,7.96,7.68,22206259.0,172741079.0,14:22:55,2026-07-03T14:23:17+08:00,2026-07-03T14:23:17+08:00,akshare_stock_zh_a_spot,0
sh600096,云天化,30.83,-0.66,-2.096,30.83,30.84,31.49,31.54,31.61,30.45,38712468.0,1194771349.0,14:22:53,2026-07-03T14:23:17+08:00,2026-07-03T14:23:17+08:00,akshare_stock_zh_a_spot,0
sh600097,开创国际,8.22,0.12,1.481,8.22,8.23,8.1,8.13,8.27,8.07,3107000.0,25385375.0,14:22:53,2026-07-03T14:23:17+08:00,2026-07-03T14:23:17+08:00,akshare_stock_zh_a_spot,0
sh600098,广州发展,6.08,0.07,1.165,6.07,6.08,6.01,6.01,6.1,6.0,14588026.0,88321295.0,14:22:54,2026-07-03T14:23:17+08:00,2026-07-03T14:23:17+08:00,akshare_stock_zh_a_spot,0
sh600099,林海股份,8.64,0.33,3.971,8.64,8.65,8.31,8.32,8.67,8.32,3218826.0,27405108.0,14:22:52,2026-07-03T14:23:17+08:00,2026-07-03T14:23:17+08:00,akshare_stock_zh_a_spot,0
sh600100,同方股份,6.79,0.01,0.147,6.79,6.8,6.78,6.77,6.89,6.71,20397941.0,138767506.0,14:22:48,2026-07-03T14:23:17+08:00,2026-07-03T14:23:17+08:00,akshare_stock_zh_a_spot,0
sh600101,明星电力,8.24,0.1,1.229,8.23,8.24,8.14,8.14,8.25,8.11,8958219.0,73310175.0,14:22:50,2026-07-03T14:23:17+08:00,2026-07-03T14:23:17+08:00,akshare_stock_zh_a_spot,0
sh600103,青山纸业,3.11,0.04,1.303,3.1,3.11,3.07,3.06,3.22,3.06,79659300.0,249417210.0,14:22:54,2026-07-03T14:23:17+08:00,2026-07-03T14:23:17+08:00,akshare_stock_zh_a_spot,0
sh600104,上汽集团,10.11,0.23,2.328,10.11,10.12,9.88,9.9,10.17,9.88,66921856.0,672891485.0,14:22:55,2026-07-03T14:23:17+08:00,2026-07-03T14:23:17+08:00,akshare_stock_zh_a_spot,0
sh600105,永鼎股份,55.32,-0.89,-1.583,55.31,55.32,56.21,55.61,57.56,54.59,80924655.0,4543760828.0,14:22:53,2026-07-03T14:23:17+08:00,2026-07-03T14:23:17+08:00,akshare_stock_zh_a_spot,0
sh600106,重庆路桥,4.63,0.09,1.982,4.63,4.64,4.54,4.57,4.69,4.55,10917005.0,50542330.0,14:22:52,2026-07-03T14:23:17+08:00,2026-07-03T14:23:17+08:00,akshare_stock_zh_a_spot,0
sh600107,*ST尔雅,6.21,0.29,4.899,6.21,6.22,5.92,6.1,6.22,6.02,3936698.0,24015306.0,14:22:49,2026-07-03T14:23:17+08:00,2026-07-03T14:23:17+08:00,akshare_stock_zh_a_spot,0
sh600108,亚盛集团,3.15,0.02,0.639,3.14,3.15,3.13,3.12,3.22,3.09,75781700.0,238594860.0,14:22:49,2026-07-03T14:23:17+08:00,2026-07-03T14:23:17+08:00,akshare_stock_zh_a_spot,0
sh600109,国金证券,8.9,-0.03,-0.336,8.89,8.9,8.93,8.98,9.05,8.79,38439388.0,341348080.0,14:22:50,2026-07-03T14:23:17+08:00,2026-07-03T14:23:17+08:00,akshare_stock_zh_a_spot,0
sh600110,诺德股份,15.98,1.45,9.979,15.98,0.0,14.53,14.57,15.98,14.51,165537346.0,2525151661.0,14:22:49,2026-07-03T14:23:17+08:00,2026-07-03T14:23:17+08:00,akshare_stock_zh_a_spot,0
sh600111,北方稀土,48.59,0.39,0.809,48.59,48.6,48.2,48.4,49.08,47.7,73928458.0,3585252288.0,14:22:50,2026-07-03T14:23:17+08:00,2026-07-03T14:23:17+08:00,akshare_stock_zh_a_spot,0
sh600113,浙江东日,34.82,-1.33,-3.679,34.82,34.84,36.15,36.5,38.41,34.13,17442275.0,626033600.0,14:22:49,2026-07-03T14:23:17+08:00,2026-07-03T14:23:17+08:00,akshare_stock_zh_a_spot,0
sh600114,东睦股份,38.14,1.36,3.698,38.13,38.14,36.78,37.64,38.8,36.52,26743102.0,1011206068.0,14:22:50,2026-07-03T14:23:17+08:00,2026-07-03T14:23:17+08:00,akshare_stock_zh_a_spot,0
sh600115,中国东航,3.82,-0.04,-1.036,3.81,3.82,3.86,3.86,3.9,3.78,181533988.0,694330832.0,14:22:48,2026-07-03T14:23:17+08:00,2026-07-03T14:23:17+08:00,akshare_stock_zh_a_spot,0
sh600116,三峡水利,5.7,0.01,0.176,5.7,5.71,5.69,5.69,5.75,5.68,10812732.0,61752568.0,14:22:49,2026-07-03T14:23:17+08:00,2026-07-03T14:23:17+08:00,akshare_stock_zh_a_spot,0
sh600117,西宁特钢,2.14,0.03,1.422,2.14,2.15,2.11,2.11,2.16,2.11,11057582.0,23669323.0,14:22:49,2026-07-03T14:23:17+08:00,2026-07-03T14:23:17+08:00,akshare_stock_zh_a_spot,0
sh600118,中国卫星,86.09,4.59,5.632,86.09,86.1,81.5,80.06,88.76,80.06,58329224.0,5001287355.0,14:22:50,2026-07-03T14:23:17+08:00,2026-07-03T14:23:17+08:00,akshare_stock_zh_a_spot,0
sh600119,*ST长投,4.88,0.18,3.83,4.87,4.88,4.7,4.77,4.93,4.72,3550200.0,17102069.0,14:22:46,2026-07-03T14:23:17+08:00,2026-07-03T14:23:17+08:00,akshare_stock_zh_a_spot,0
sh600120,浙江东方,4.41,0.02,0.456,4.41,4.42,4.39,4.4,4.44,4.37,23232316.0,102336916.0,14:22:49,2026-07-03T14:23:17+08:00,2026-07-03T14:23:17+08:00,akshare_stock_zh_a_spot,0
sh600121,郑州煤电,3.66,0.03,0.826,3.65,3.66,3.63,3.63,3.67,3.61,29376649.0,106975614.0,14:22:50,2026-07-03T14:23:17+08:00,2026-07-03T14:23:17+08:00,akshare_stock_zh_a_spot,0
sh600123,兰花科创,5.75,0.17,3.047,5.74,5.75,5.58,5.6,5.79,5.58,18001200.0,102359111.0,14:22:50,2026-07-03T14:23:17+08:00,2026-07-03T14:23:17+08:00,akshare_stock_zh_a_spot,0
sh600125,铁龙物流,5.27,0.04,0.765,5.27,5.28,5.23,5.23,5.31,5.22,6948100.0,36566338.0,14:22:50,2026-07-03T14:23:17+08:00,2026-07-03T14:23:17+08:00,akshare_stock_zh_a_spot,0
sh600126,杭钢股份,6.1,0.06,0.993,6.09,6.1,6.04,6.08,6.13,6.04,30337874.0,184647048.0,14:22:49,2026-07-03T14:23:17+08:00,2026-07-03T14:23:17+08:00,akshare_stock_zh_a_spot,0
sh600127,金健米业,5.4,0.03,0.559,5.39,5.4,5.37,5.34,5.45,5.34,7627304.0,41159895.0,14:22:50,2026-07-03T14:23:17+08:00,2026-07-03T14:23:17+08:00,akshare_stock_zh_a_spot,0
sh600128,苏豪弘业,8.01,0.21,2.692,8.0,8.01,7.8,7.81,8.04,7.81,4596200.0,36493925.0,14:22:48,2026-07-03T14:23:17+08:00,2026-07-03T14:23:17+08:00,akshare_stock_zh_a_spot,0
sh600129,太极集团,14.06,0.46,3.382,14.06,14.07,13.6,13.66,14.16,13.66,17267685.0,239348811.0,14:22:49,2026-07-03T14:23:17+08:00,2026-07-03T14:23:17+08:00,akshare_stock_zh_a_spot,0
sh600130,波导股份,4.37,0.03,0.691,4.37,4.38,4.34,4.34,4.42,4.3,17925500.0,78177659.0,14:22:50,2026-07-03T14:23:17+08:00,2026-07-03T14:23:17+08:00,akshare_stock_zh_a_spot,0
sh600131,国网信通,14.7,0.4,2.797,14.69,14.71,14.3,14.33,14.76,14.33,6021165.0,87338952.0,14:22:49,2026-07-03T14:23:17+08:00,2026-07-03T14:23:17+08:00,akshare_stock_zh_a_spot,0
sh600132,重庆啤酒,42.37,0.41,0.977,42.37,42.38,41.96,42.03,42.71,41.66,2300701.0,97268809.0,14:22:51,2026-07-03T14:23:17+08:00,2026-07-03T14:23:17+08:00,akshare_stock_zh_a_spot,0
sh600133,东湖高新,7.91,-0.04,-0.503,7.91,7.92,7.95,7.98,7.99,7.8,12530116.0,99105160.0,14:22:49,2026-07-03T14:23:17+08:00,2026-07-03T14:23:17+08:00,akshare_stock_zh_a_spot,0
sh600135,乐凯胶片,8.05,-0.04,-0.494,8.05,8.06,8.09,8.11,8.33,7.96,9222200.0,74682988.0,14:22:49,2026-07-03T14:23:17+08:00,2026-07-03T14:23:17+08:00,akshare_stock_zh_a_spot,0
sh600136,ST明诚,1.45,0.0,0.0,1.44,1.45,1.45,1.45,1.46,1.41,15377000.0,22147483.0,14:22:49,2026-07-03T14:23:17+08:00,2026-07-03T14:23:17+08:00,akshare_stock_zh_a_spot,0
sh600137,浪莎股份,17.49,0.59,3.491,17.43,17.49,16.9,17.04,17.5,16.87,1774200.0,30531341.0,14:22:41,2026-07-03T14:23:17+08:00,2026-07-03T14:23:17+08:00,akshare_stock_zh_a_spot,0
sh600138,中青旅,6.8,0.08,1.19,6.79,6.8,6.72,6.71,6.85,6.69,8115900.0,55059382.0,14:22:48,2026-07-03T14:23:17+08:00,2026-07-03T14:23:17+08:00,akshare_stock_zh_a_spot,0
sh600141,兴发集团,40.13,-2.12,-5.018,40.11,40.13,42.25,41.85,42.54,39.72,60666298.0,2464518773.0,14:22:48,2026-07-03T14:23:17+08:00,2026-07-03T14:23:17+08:00,akshare_stock_zh_a_spot,0
sh600143,金发科技,17.01,1.55,10.026,17.01,0.0,15.46,16.02,17.01,15.88,119444819.0,1976334962.0,14:22:50,2026-07-03T14:23:17+08:00,2026-07-03T14:23:17+08:00,akshare_stock_zh_a_spot,0
sh600148,长春一东,15.58,0.68,4.564,15.58,15.59,14.9,15.2,15.61,14.96,2003600.0,30765403.0,14:22:50,2026-07-03T14:23:17+08:00,2026-07-03T14:23:17+08:00,akshare_stock_zh_a_spot,0
sh600149,廊坊发展,4.76,0.15,3.254,4.76,4.77,4.61,4.64,4.78,4.6,8660930.0,40720262.0,14:22:50,2026-07-03T14:23:17+08:00,2026-07-03T14:23:17+08:00,akshare_stock_zh_a_spot,0
sh600150,中国船舶,37.28,2.92,8.498,37.28,37.29,34.36,34.8,37.66,34.8,167123727.0,6052934740.0,14:22:50,2026-07-03T14:23:17+08:00,2026-07-03T14:23:17+08:00,akshare_stock_zh_a_spot,0
sh600151,航天机电,11.42,0.55,5.06,11.41,11.42,10.87,10.94,11.48,10.89,44490484.0,498658077.0,14:22:48,2026-07-03T14:23:17+08:00,2026-07-03T14:23:17+08:00,akshare_stock_zh_a_spot,0
sh600152,维科技术,9.46,-0.14,-1.458,9.45,9.46,9.6,9.7,9.75,9.34,21501900.0,203765134.0,14:22:51,2026-07-03T14:23:17+08:00,2026-07-03T14:23:17+08:00,akshare_stock_zh_a_spot,0
sh600153,建发股份,8.23,0.08,0.982,8.22,8.23,8.15,8.22,8.24,8.05,16717778.0,136346118.0,14:22:49,2026-07-03T14:23:17+08:00,2026-07-03T14:23:17+08:00,akshare_stock_zh_a_spot,0
sh600155,华创云信,5.67,0.03,0.532,5.66,5.67,5.64,5.71,5.74,5.62,23284461.0,132149951.0,14:22:50,2026-07-03T14:23:17+08:00,2026-07-03T14:23:17+08:00,akshare_stock_zh_a_spot,0
sh600156,华升股份,9.49,-0.04,-0.42,9.49,9.5,9.53,9.63,9.91,9.1,45111748.0,426909470.0,14:22:48,2026-07-03T14:23:17+08:00,2026-07-03T14:23:17+08:00,akshare_stock_zh_a_spot,0
sh600157,永泰能源,1.57,0.0,0.0,1.57,1.58,1.57,1.57,1.59,1.56,290864115.0,457353386.0,14:22:48,2026-07-03T14:23:17+08:00,2026-07-03T14:23:17+08:00,akshare_stock_zh_a_spot,0
sh600158,中体产业,6.85,0.04,0.587,6.84,6.85,6.81,7.08,7.18,6.79,60553136.0,419183899.0,14:22:49,2026-07-03T14:23:17+08:00,2026-07-03T14:23:17+08:00,akshare_stock_zh_a_spot,0
sh600159,大龙地产,2.32,0.06,2.655,2.31,2.32,2.26,2.27,2.33,2.25,16291500.0,37356420.0,14:22:49,2026-07-03T14:23:17+08:00,2026-07-03T14:23:17+08:00,akshare_stock_zh_a_spot,0
sh600160,巨化股份,49.35,-5.48,-9.995,0.0,49.35,54.83,53.51,54.68,49.35,135283478.0,6829254397.0,14:22:50,2026-07-03T14:23:17+08:00,2026-07-03T14:23:17+08:00,akshare_stock_zh_a_spot,0
sh600161,天坛生物,12.22,0.19,1.579,12.21,12.22,12.03,12.0,12.25,11.98,14760466.0,178904448.0,14:22:49,2026-07-03T14:23:17+08:00,2026-07-03T14:23:17+08:00,akshare_stock_zh_a_spot,0
sh600162,香江控股,2.51,-0.05,-1.953,2.51,2.52,2.56,2.61,2.72,2.51,116001815.0,301465608.0,14:22:49,2026-07-03T14:23:17+08:00,2026-07-03T14:23:17+08:00,akshare_stock_zh_a_spot,0
sh600163,中闽能源,5.13,0.0,0.0,5.12,5.13,5.13,5.12,5.18,5.09,15507900.0,79538848.0,14:22:51,2026-07-03T14:23:17+08:00,2026-07-03T14:23:17+08:00,akshare_stock_zh_a_spot,0
sh600165,ST宁科,2.89,0.14,5.091,2.89,0.0,2.75,2.86,2.89,2.78,11757612.0,33653588.0,14:22:46,2026-07-03T14:23:17+08:00,2026-07-03T14:23:17+08:00,akshare_stock_zh_a_spot,0
sh600166,福田汽车,3.15,0.17,5.705,3.14,3.15,2.98,2.98,3.19,2.98,183662111.0,573018010.0,14:22:49,2026-07-03T14:23:17+08:00,2026-07-03T14:23:17+08:00,akshare_stock_zh_a_spot,0
sh600167,联美控股,5.82,0.2,3.559,5.8,5.82,5.62,5.65,5.87,5.62,9773700.0,56540639.0,14:22:50,2026-07-03T14:23:17+08:00,2026-07-03T14:23:17+08:00,akshare_stock_zh_a_spot,0
sh600168,武汉控股,4.2,0.06,1.449,4.2,4.21,4.14,4.14,4.22,4.13,3455520.0,14451896.0,14:22:31,2026-07-03T14:23:17+08:00,2026-07-03T14:23:17+08:00,akshare_stock_zh_a_spot,0
sh600169,ST太重,2.08,0.06,2.97,2.07,2.08,2.02,2.03,2.1,2.01,20032603.0,40997103.0,14:22:50,2026-07-03T14:23:17+08:00,2026-07-03T14:23:17+08:00,akshare_stock_zh_a_spot,0
sh600170,上海建工,2.24,0.02,0.901,2.24,2.25,2.22,2.22,2.26,2.21,85484016.0,191332292.0,14:22:50,2026-07-03T14:23:17+08:00,2026-07-03T14:23:17+08:00,akshare_stock_zh_a_spot,0
sh600171,上海贝岭,29.07,-0.68,-2.286,29.07,29.08,29.75,29.25,29.73,28.58,26499254.0,773304148.0,14:22:50,2026-07-03T14:23:17+08:00,2026-07-03T14:23:17+08:00,akshare_stock_zh_a_spot,0
sh600172,黄河旋风,17.0,-1.03,-5.713,17.0,17.01,18.03,17.66,17.76,16.24,233426573.0,3954935053.0,14:22:50,2026-07-03T14:23:17+08:00,2026-07-03T14:23:17+08:00,akshare_stock_zh_a_spot,0
sh600173,卧龙新能,6.16,0.16,2.667,6.16,6.17,6.0,6.01,6.4,5.99,8004500.0,49481172.0,14:22:36,2026-07-03T14:23:17+08:00,2026-07-03T14:23:17+08:00,akshare_stock_zh_a_spot,0
sh600176,中国巨石,71.85,4.03,5.942,71.84,71.85,67.82,68.18,74.6,65.51,204413347.0,14688842931.0,14:22:49,2026-07-03T14:23:17+08:00,2026-07-03T14:23:17+08:00,akshare_stock_zh_a_spot,0
sh600177,雅戈尔,7.85,0.02,0.255,7.84,7.85,7.83,7.83,7.91,7.76,18757134.0,146926368.0,14:22:48,2026-07-03T14:23:17+08:00,2026-07-03T14:23:17+08:00,akshare_stock_zh_a_spot,0
sh600178,东安动力,9.98,0.18,1.837,9.97,9.98,9.8,9.8,10.09,9.71,8970801.0,89054846.0,14:22:48,2026-07-03T14:23:17+08:00,2026-07-03T14:23:17+08:00,akshare_stock_zh_a_spot,0
sh600179,安通控股,4.63,-0.01,-0.216,4.62,4.63,4.64,4.7,4.8,4.61,44378636.0,207485403.0,14:22:50,2026-07-03T14:23:17+08:00,2026-07-03T14:23:17+08:00,akshare_stock_zh_a_spot,0
sh600180,*ST瑞茂,1.39,0.01,0.725,1.39,1.4,1.38,1.42,1.45,1.35,59031714.0,82956878.0,14:22:48,2026-07-03T14:23:17+08:00,2026-07-03T14:23:17+08:00,akshare_stock_zh_a_spot,0
sh600182,S佳通,14.68,0.53,3.746,14.67,14.68,14.15,14.83,14.86,14.51,7279002.0,107239502.0,14:22:45,2026-07-03T14:23:17+08:00,2026-07-03T14:23:17+08:00,akshare_stock_zh_a_spot,0
sh600183,生益科技,162.49,10.54,6.936,162.49,162.56,151.95,151.94,166.21,145.99,69795138.0,11105301924.0,14:22:48,2026-07-03T14:23:17+08:00,2026-07-03T14:23:17+08:00,akshare_stock_zh_a_spot,0
sh600184,光电股份,25.83,-2.87,-10.0,0.0,25.83,28.7,27.35,27.65,25.83,42369164.0,1116149616.0,14:22:49,2026-07-03T14:23:17+08:00,2026-07-03T14:23:17+08:00,akshare_stock_zh_a_spot,0
sh600185,珠免集团,4.58,0.0,0.0,4.58,4.59,4.58,4.6,4.67,4.51,17672700.0,81144993.0,14:22:48,2026-07-03T14:23:17+08:00,2026-07-03T14:23:17+08:00,akshare_stock_zh_a_spot,0
sh600186,莲花控股,12.02,-0.23,-1.878,12.02,12.03,12.25,12.25,12.38,11.86,137639922.0,1666546419.0,14:22:48,2026-07-03T14:23:17+08:00,2026-07-03T14:23:17+08:00,akshare_stock_zh_a_spot,0
sh600187,*ST国中,1.47,0.07,5.0,1.47,0.0,1.4,1.47,1.47,1.47,4676002.0,6873723.0,14:22:44,2026-07-03T14:23:17+08:00,2026-07-03T14:23:17+08:00,akshare_stock_zh_a_spot,0
sh600188,兖矿能源,17.94,0.12,0.673,17.94,17.95,17.82,17.94,18.23,17.69,52131561.0,936131188.0,14:22:49,2026-07-03T14:23:17+08:00,2026-07-03T14:23:17+08:00,akshare_stock_zh_a_spot,0
sh600189,泉阳泉,7.81,-0.02,-0.255,7.8,7.81,7.83,7.83,7.9,7.72,7464850.0,58202045.0,14:22:50,2026-07-03T14:23:17+08:00,2026-07-03T14:23:17+08:00,akshare_stock_zh_a_spot,0
sh600191,华资实业,9.25,0.14,1.537,9.25,9.26,9.11,9.14,9.44,9.11,4687900.0,43518666.0,14:22:42,2026-07-03T14:23:17+08:00,2026-07-03T14:23:17+08:00,akshare_stock_zh_a_spot,0
sh600192,长城电工,6.62,0.1,1.534,6.61,6.62,6.52,6.5,6.63,6.45,5948180.0,38988598.0,14:22:48,2026-07-03T14:23:17+08:00,2026-07-03T14:23:17+08:00,akshare_stock_zh_a_spot,0
sh600193,退市创兴,0.16,0.0,0.0,0.0,0.0,0.16,0.0,0.0,0.0,0.0,0.0,14:22:38,2026-07-03T14:23:17+08:00,2026-07-03T14:23:17+08:00,akshare_stock_zh_a_spot,0
sh600195,中牧股份,6.24,0.13,2.128,6.24,6.25,6.11,6.1,6.25,6.1,5970760.0,36957560.0,14:22:46,2026-07-03T14:23:17+08:00,2026-07-03T14:23:17+08:00,akshare_stock_zh_a_spot,0
sh600196,复星医药,23.32,0.29,1.259,23.31,23.32,23.03,23.2,23.53,22.92,25442352.0,589749719.0,14:22:48,2026-07-03T14:23:17+08:00,2026-07-03T14:23:17+08:00,akshare_stock_zh_a_spot,0
sh600197,伊力特,10.02,0.09,0.906,10.02,10.03,9.93,9.94,10.13,9.93,3236400.0,32388100.0,14:22:48,2026-07-03T14:23:17+08:00,2026-07-03T14:23:17+08:00,akshare_stock_zh_a_spot,0
sh600198,大唐电信,9.17,-0.27,-2.86,9.16,9.17,9.44,9.35,9.66,9.08,45516809.0,420446867.0,14:22:49,2026-07-03T14:23:17+08:00,2026-07-03T14:23:17+08:00,akshare_stock_zh_a_spot,0
sh600199,金种子酒,6.63,0.13,2.0,6.63,6.64,6.5,6.56,6.85,6.55,21481636.0,143901126.0,14:22:50,2026-07-03T14:23:17+08:00,2026-07-03T14:23:17+08:00,akshare_stock_zh_a_spot,0
sh600201,生物股份,12.35,0.39,3.261,12.35,12.36,11.96,11.99,12.45,11.91,17982247.0,218832393.0,14:22:50,2026-07-03T14:23:17+08:00,2026-07-03T14:23:17+08:00,akshare_stock_zh_a_spot,0
sh600202,哈空调,4.75,0.12,2.592,4.75,4.76,4.63,4.69,4.77,4.6,7234960.0,34021461.0,14:22:49,2026-07-03T14:23:17+08:00,2026-07-03T14:23:17+08:00,akshare_stock_zh_a_spot,0
sh600203,福日电子,12.9,0.79,6.524,12.9,12.91,12.11,12.0,13.26,11.94,49094503.0,621095340.0,14:22:49,2026-07-03T14:23:17+08:00,2026-07-03T14:23:17+08:00,akshare_stock_zh_a_spot,0
sh600206,有研新材,54.9,-2.91,-5.034,54.89,54.9,57.81,57.0,58.33,53.47,105831799.0,5858421209.0,14:22:49,2026-07-03T14:23:17+08:00,2026-07-03T14:23:17+08:00,akshare_stock_zh_a_spot,0
sh600207,安彩高科,5.07,-0.38,-6.972,5.06,5.07,5.45,5.4,5.44,5.03,37436331.0,193192832.0,14:22:49,2026-07-03T14:23:17+08:00,2026-07-03T14:23:17+08:00,akshare_stock_zh_a_spot,0
sh600208,衢州发展,2.98,0.0,0.0,2.98,2.99,2.98,3.0,3.09,2.95,135586287.0,405789915.0,14:23:00,2026-07-03T14:23:17+08:00,2026-07-03T14:23:17+08:00,akshare_stock_zh_a_spot,0
sh600210,紫江企业,6.31,0.06,0.96,6.3,6.31,6.25,6.25,6.32,6.25,11347789.0,71354540.0,14:22:58,2026-07-03T14:23:17+08:00,2026-07-03T14:23:17+08:00,akshare_stock_zh_a_spot,0
sh600211,西藏药业,38.88,0.36,0.935,38.88,38.9,38.52,38.91,39.35,38.31,3755999.0,145465384.0,14:22:59,2026-07-03T14:23:17+08:00,2026-07-03T14:23:17+08:00,akshare_stock_zh_a_spot,0
sh600212,绿能慧充,5.56,0.31,5.905,5.54,5.56,5.25,5.21,5.6,5.21,15991100.0,87663781.0,14:22:57,2026-07-03T14:23:17+08:00,2026-07-03T14:23:17+08:00,akshare_stock_zh_a_spot,0
sh600215,派斯林,6.3,0.21,3.448,6.3,6.31,6.09,6.1,6.38,6.09,14079480.0,88309180.0,14:22:59,2026-07-03T14:23:17+08:00,2026-07-03T14:23:17+08:00,akshare_stock_zh_a_spot,0
sh600216,浙江医药,12.14,0.15,1.251,12.13,12.14,11.99,12.0,12.25,11.96,19179657.0,231790487.0,14:22:59,2026-07-03T14:23:17+08:00,2026-07-03T14:23:17+08:00,akshare_stock_zh_a_spot,0
sh600217,中再资环,2.93,0.03,1.034,2.92,2.93,2.9,2.87,2.95,2.87,8704000.0,25374101.0,14:22:51,2026-07-03T14:23:17+08:00,2026-07-03T14:23:17+08:00,akshare_stock_zh_a_spot,0
sh600218,全柴动力,7.56,0.3,4.132,7.56,7.57,7.26,7.3,7.58,7.26,6916800.0,51698385.0,14:22:49,2026-07-03T14:23:17+08:00,2026-07-03T14:23:17+08:00,akshare_stock_zh_a_spot,0
sh600219,南山铝业,4.19,0.12,2.948,4.19,4.2,4.07,4.12,4.26,4.12,199956347.0,839065251.0,14:22:59,2026-07-03T14:23:17+08:00,2026-07-03T14:23:17+08:00,akshare_stock_zh_a_spot,0
sh600221,海航控股,1.38,0.01,0.73,1.37,1.38,1.37,1.37,1.39,1.36,212849275.0,291653412.0,14:22:58,2026-07-03T14:23:17+08:00,2026-07-03T14:23:17+08:00,akshare_stock_zh_a_spot,0
sh600222,太龙药业,7.83,0.53,7.26,7.82,7.83,7.3,7.35,7.9,7.3,30163049.0,228965994.0,14:23:00,2026-07-03T14:23:17+08:00,2026-07-03T14:23:17+08:00,akshare_stock_zh_a_spot,0
sh600223,福瑞达,5.3,0.1,1.923,5.3,5.31,5.2,5.2,5.32,5.2,5614800.0,29584592.0,14:22:57,2026-07-03T14:23:17+08:00,2026-07-03T14:23:17+08:00,akshare_stock_zh_a_spot,0
sh600226,亨通股份,9.34,-0.29,-3.011,9.33,9.34,9.63,9.5,9.7,9.16,174838791.0,1653831449.0,14:22:58,2026-07-03T14:23:17+08:00,2026-07-03T14:23:17+08:00,akshare_stock_zh_a_spot,0
sh600227,赤天化,2.51,-0.04,-1.569,2.5,2.51,2.55,2.55,2.55,2.46,40987410.0,102611163.0,14:22:57,2026-07-03T14:23:17+08:00,2026-07-03T14:23:17+08:00,akshare_stock_zh_a_spot,0
sh600228,返利科技,7.3,-0.23,-3.054,7.29,7.3,7.53,7.32,7.42,7.07,43706800.0,316950037.0,14:22:59,2026-07-03T14:23:17+08:00,2026-07-03T14:23:17+08:00,akshare_stock_zh_a_spot,0
sh600229,城市传媒,4.79,0.06,1.268,4.78,4.79,4.73,4.76,4.82,4.71,6017177.0,28694783.0,14:22:57,2026-07-03T14:23:17+08:00,2026-07-03T14:23:17+08:00,akshare_stock_zh_a_spot,0
sh600230,沧州大化,13.74,-0.06,-0.435,13.73,13.74,13.8,13.88,13.9,13.5,8057880.0,110048356.0,14:22:58,2026-07-03T14:23:17+08:00,2026-07-03T14:23:17+08:00,akshare_stock_zh_a_spot,0
sh600231,凌钢股份,1.62,-0.01,-0.613,1.62,1.63,1.63,1.64,1.65,1.58,16105402.0,25972983.0,14:22:59,2026-07-03T14:23:17+08:00,2026-07-03T14:23:17+08:00,akshare_stock_zh_a_spot,0
sh600232,金鹰股份,6.5,0.2,3.175,6.49,6.5,6.3,6.33,6.52,6.28,6548100.0,42116678.0,14:22:57,2026-07-03T14:23:17+08:00,2026-07-03T14:23:17+08:00,akshare_stock_zh_a_spot,0
sh600233,圆通速递,17.31,-0.62,-3.458,17.3,17.31,17.93,18.0,18.35,17.23,54633033.0,956328797.0,14:22:58,2026-07-03T14:23:17+08:00,2026-07-03T14:23:17+08:00,akshare_stock_zh_a_spot,0
sh600234,科新发展,25.95,0.55,2.165,25.91,25.95,25.4,25.98,26.46,25.02,2655600.0,68589466.0,14:22:57,2026-07-03T14:23:17+08:00,2026-07-03T14:23:17+08:00,akshare_stock_zh_a_spot,0
sh600235,民丰特纸,5.31,0.12,2.312,5.29,5.31,5.19,5.19,5.32,5.18,4481100.0,23566242.0,14:22:53,2026-07-03T14:23:17+08:00,2026-07-03T14:23:17+08:00,akshare_stock_zh_a_spot,0
sh600236,桂冠电力,9.59,0.19,2.021,9.58,9.59,9.4,9.41,9.67,9.32,13886812.0,131884798.0,14:22:57,2026-07-03T14:23:17+08:00,2026-07-03T14:23:17+08:00,akshare_stock_zh_a_spot,0
sh600237,铜峰电子,12.01,-0.66,-5.209,12.0,12.01,12.67,12.41,12.55,11.77,57180168.0,693932024.0,14:22:57,2026-07-03T14:23:17+08:00,2026-07-03T14:23:17+08:00,akshare_stock_zh_a_spot,0
sh600238,*ST椰岛,4.81,0.23,5.022,4.81,0.0,4.58,4.58,4.81,4.58,4616300.0,21802072.0,14:22:56,2026-07-03T14:23:17+08:00,2026-07-03T14:23:17+08:00,akshare_stock_zh_a_spot,0
sh600239,ST云城,1.44,0.06,4.348,1.43,1.44,1.38,1.39,1.45,1.38,15469733.0,22062194.0,14:22:49,2026-07-03T14:23:17+08:00,2026-07-03T14:23:17+08:00,akshare_stock_zh_a_spot,0
sh600241,时代万恒,6.8,0.17,2.564,6.8,6.81,6.63,6.68,6.83,6.2,4184500.0,28232471.0,14:22:54,2026-07-03T14:23:17+08:00,2026-07-03T14:23:17+08:00,akshare_stock_zh_a_spot,0
sh600243,*ST海华,3.64,0.17,4.899,3.64,0.0,3.47,3.52,3.64,3.5,7804000.0,27864456.0,14:22:46,2026-07-03T14:23:17+08:00,2026-07-03T14:23:17+08:00,akshare_stock_zh_a_spot,0
sh600246,万通发展,15.79,-0.61,-3.72,15.79,15.81,16.4,16.01,16.69,15.78,106377108.0,1717324346.0,14:22:58,2026-07-03T14:23:17+08:00,2026-07-03T14:23:17+08:00,akshare_stock_zh_a_spot,0
sh600248,陕建股份,2.78,0.02,0.725,2.78,2.79,2.76,2.76,2.81,2.75,11998070.0,33425538.0,14:22:55,2026-07-03T14:23:17+08:00,2026-07-03T14:23:17+08:00,akshare_stock_zh_a_spot,0
sh600249,两面针,4.69,0.08,1.735,4.68,4.69,4.61,4.66,4.73,4.63,5108100.0,23871048.0,14:22:50,2026-07-03T14:23:17+08:00,2026-07-03T14:23:17+08:00,akshare_stock_zh_a_spot,0
sh600250,南京商旅,8.12,0.16,2.01,8.11,8.12,7.96,8.04,8.15,7.94,5589400.0,44963803.0,14:23:00,2026-07-03T14:23:17+08:00,2026-07-03T14:23:17+08:00,akshare_stock_zh_a_spot,0
sh600251,冠农股份,8.9,0.05,0.565,8.89,8.9,8.85,8.89,9.0,8.87,7560308.0,67424182.0,14:22:57,2026-07-03T14:23:17+08:00,2026-07-03T14:23:17+08:00,akshare_stock_zh_a_spot,0
sh600252,中恒集团,1.95,0.06,3.175,1.94,1.95,1.89,1.89,1.99,1.89,48294700.0,93074524.0,14:22:59,2026-07-03T14:23:17+08:00,2026-07-03T14:23:17+08:00,akshare_stock_zh_a_spot,0
sh600255,鑫科材料,3.37,-0.01,-0.296,3.37,3.38,3.38,3.38,3.43,3.34,88365628.0,298976251.0,14:22:58,2026-07-03T14:23:17+08:00,2026-07-03T14:23:17+08:00,akshare_stock_zh_a_spot,0
sh600256,广汇能源,5.19,0.04,0.777,5.18,5.19,5.15,5.16,5.25,5.15,85196932.0,442472560.0,14:23:00,2026-07-03T14:23:17+08:00,2026-07-03T14:23:17+08:00,akshare_stock_zh_a_spot,0
sh600257,大湖股份,4.6,0.1,2.222,4.59,4.6,4.5,4.55,4.6,4.46,11683800.0,52963017.0,14:22:58,2026-07-03T14:23:17+08:00,2026-07-03T14:23:17+08:00,akshare_stock_zh_a_spot,0
sh600258,首旅酒店,11.51,0.0,0.0,11.5,11.51,11.51,11.59,11.72,11.33,17475500.0,200900416.0,14:22:58,2026-07-03T14:23:17+08:00,2026-07-03T14:23:17+08:00,akshare_stock_zh_a_spot,0
sh600259,中稀有色,103.09,5.68,5.831,103.11,103.13,97.41,99.0,105.72,95.74,20250621.0,2068684892.0,14:22:59,2026-07-03T14:23:17+08:00,2026-07-03T14:23:17+08:00,akshare_stock_zh_a_spot,0
sh600261,阳光照明,3.08,0.01,0.326,3.07,3.08,3.07,3.07,3.09,3.06,7446400.0,22885361.0,14:22:57,2026-07-03T14:23:17+08:00,2026-07-03T14:23:17+08:00,akshare_stock_zh_a_spot,0
sh600262,北方股份,21.33,1.2,5.961,21.33,21.34,20.13,20.13,21.38,20.13,3881919.0,81229827.0,14:22:59,2026-07-03T14:23:17+08:00,2026-07-03T14:23:17+08:00,akshare_stock_zh_a_spot,0
sh600265,*ST景谷,23.28,0.33,1.438,23.28,23.29,22.95,22.95,23.56,22.77,854900.0,19912262.0,14:22:58,2026-07-03T14:23:17+08:00,2026-07-03T14:23:17+08:00,akshare_stock_zh_a_spot,0
sh600266,城建发展,4.08,0.04,0.99,4.07,4.08,4.04,4.06,4.14,4.04,26575492.0,108486102.0,14:22:59,2026-07-03T14:23:17+08:00,2026-07-03T14:23:17+08:00,akshare_stock_zh_a_spot,0
sh600267,海正药业,10.52,0.01,0.095,10.52,10.53,10.51,10.57,10.74,10.29,19331460.0,202415842.0,14:22:57,2026-07-03T14:23:17+08:00,2026-07-03T14:23:17+08:00,akshare_stock_zh_a_spot,0
sh600268,国电南自,11.73,0.23,2.0,11.73,11.74,11.5,11.58,11.84,11.4,11673129.0,136539834.0,14:22:57,2026-07-03T14:23:17+08:00,2026-07-03T14:23:17+08:00,akshare_stock_zh_a_spot,0
sh600269,赣粤高速,4.21,0.04,0.959,4.2,4.21,4.17,4.18,4.22,4.17,10534389.0,44182653.0,14:22:58,2026-07-03T14:23:17+08:00,2026-07-03T14:23:17+08:00,akshare_stock_zh_a_spot,0
sh600271,航天信息,6.75,0.15,2.273,6.75,6.76,6.6,6.55,6.79,6.55,13767148.0,92330171.0,14:23:00,2026-07-03T14:23:17+08:00,2026-07-03T14:23:17+08:00,akshare_stock_zh_a_spot,0
sh600272,开开实业,11.13,0.5,4.704,11.12,11.13,10.63,10.7,11.14,10.67,4005200.0,43783251.0,14:22:57,2026-07-03T14:23:17+08:00,2026-07-03T14:23:17+08:00,akshare_stock_zh_a_spot,0
sh600273,嘉化能源,6.71,-0.02,-0.297,6.7,6.71,6.73,6.74,6.79,6.66,13540801.0,90678998.0,14:22:57,2026-07-03T14:23:17+08:00,2026-07-03T14:23:17+08:00,akshare_stock_zh_a_spot,0
sh600276,恒瑞医药,54.58,1.09,2.038,54.57,54.58,53.49,54.55,55.15,53.28,93548367.0,5061448317.0,14:22:58,2026-07-03T14:23:17+08:00,2026-07-03T14:23:17+08:00,akshare_stock_zh_a_spot,0
sh600278,东方创业,6.22,0.04,0.647,6.21,6.22,6.18,6.16,6.26,6.12,3968000.0,24593215.0,14:22:53,2026-07-03T14:23:17+08:00,2026-07-03T14:23:17+08:00,akshare_stock_zh_a_spot,0
sh600279,重庆港,3.96,0.08,2.062,3.96,3.97,3.88,3.88,4.02,3.86,15536750.0,61109928.0,14:22:49,2026-07-03T14:23:17+08:00,2026-07-03T14:23:17+08:00,akshare_stock_zh_a_spot,0
sh600280,中央商场,2.75,-0.01,-0.362,2.75,2.76,2.76,2.77,2.82,2.7,28794000.0,79370427.0,14:22:59,2026-07-03T14:23:17+08:00,2026-07-03T14:23:17+08:00,akshare_stock_zh_a_spot,0
sh600281,华阳新材,4.22,-0.06,-1.402,4.22,4.24,4.28,4.34,4.36,4.15,12312100.0,52080112.0,14:22:58,2026-07-03T14:23:17+08:00,2026-07-03T14:23:17+08:00,akshare_stock_zh_a_spot,0
sh600282,南钢股份,4.71,0.02,0.426,4.71,4.72,4.69,4.7,4.78,4.67,18745057.0,88472522.0,14:22:59,2026-07-03T14:23:17+08:00,2026-07-03T14:23:17+08:00,akshare_stock_zh_a_spot,0
sh600283,钱江水利,8.17,0.12,1.491,8.17,8.18,8.05,8.05,8.2,8.04,2467328.0,20077561.0,14:22:57,2026-07-03T14:23:17+08:00,2026-07-03T14:23:17+08:00,akshare_stock_zh_a_spot,0
sh600284,浦东建设,5.05,0.09,1.815,5.04,5.05,4.96,4.98,5.11,4.96,10378514.0,52198678.0,14:22:59,2026-07-03T14:23:17+08:00,2026-07-03T14:23:17+08:00,akshare_stock_zh_a_spot,0
sh600285,羚锐制药,20.75,0.13,0.63,20.74,20.75,20.62,20.55,20.88,20.48,5174363.0,106917953.0,14:22:56,2026-07-03T14:23:17+08:00,2026-07-03T14:23:17+08:00,akshare_stock_zh_a_spot,0
sh600287,苏豪时尚,4.63,0.13,2.889,4.62,4.63,4.5,4.51,4.63,4.51,2920000.0,13397734.0,14:22:58,2026-07-03T14:23:17+08:00,2026-07-03T14:23:17+08:00,akshare_stock_zh_a_spot,0
sh600288,大恒科技,12.98,0.38,3.016,12.97,12.98,12.6,12.7,13.13,12.53,10339000.0,133142384.0,14:22:56,2026-07-03T14:23:17+08:00,2026-07-03T14:23:17+08:00,akshare_stock_zh_a_spot,0
sh600289,ST信通,5.88,-0.2,-3.289,5.86,5.88,6.08,6.08,6.19,5.79,4189100.0,24767875.0,14:22:58,2026-07-03T14:23:17+08:00,2026-07-03T14:23:17+08:00,akshare_stock_zh_a_spot,0
sh600292,电投水电,12.39,-0.12,-0.959,12.38,12.39,12.51,12.61,12.94,12.35,12271208.0,154955405.0,14:23:00,2026-07-03T14:23:17+08:00,2026-07-03T14:23:17+08:00,akshare_stock_zh_a_spot,0
sh600293,三峡新材,2.74,0.0,0.0,2.74,2.75,2.74,2.74,2.77,2.7,37623102.0,102645123.0,14:22:59,2026-07-03T14:23:17+08:00,2026-07-03T14:23:17+08:00,akshare_stock_zh_a_spot,0
sh600295,鄂尔多斯,11.66,0.15,1.303,11.66,11.67,11.51,11.57,11.73,11.35,9452653.0,108813575.0,14:22:59,2026-07-03T14:23:17+08:00,2026-07-03T14:23:17+08:00,akshare_stock_zh_a_spot,0
sh600298,安琪酵母,37.03,-0.11,-0.296,37.03,37.04,37.14,37.17,37.82,37.0,8411450.0,314285848.0,14:22:58,2026-07-03T14:23:17+08:00,2026-07-03T14:23:17+08:00,akshare_stock_zh_a_spot,0
sh600299,安迪苏,8.46,0.12,1.439,8.46,8.47,8.34,8.38,8.53,8.22,25542339.0,213379691.0,14:22:58,2026-07-03T14:23:17+08:00,2026-07-03T14:23:17+08:00,akshare_stock_zh_a_spot,0
sh600300,维维股份,2.94,0.07,2.439,2.93,2.94,2.87,2.89,2.94,2.88,17114500.0,49984622.0,14:22:58,2026-07-03T14:23:17+08:00,2026-07-03T14:23:17+08:00,akshare_stock_zh_a_spot,0
sh600301,华锡有色,61.64,1.66,2.768,61.58,61.65,59.98,61.35,61.88,59.2,13392721.0,811038960.0,14:23:00,2026-07-03T14:23:17+08:00,2026-07-03T14:23:17+08:00,akshare_stock_zh_a_spot,0
sh600302,ST标准,8.61,-0.02,-0.232,8.6,8.62,8.63,8.51,8.8,8.51,4711400.0,40661966.0,14:22:49,2026-07-03T14:23:17+08:00,2026-07-03T14:23:17+08:00,akshare_stock_zh_a_spot,0
sh600303,曙光股份,2.6,0.07,2.767,2.6,2.61,2.53,2.54,2.62,2.52,22490508.0,57838532.0,14:22:59,2026-07-03T14:23:17+08:00,2026-07-03T14:23:17+08:00,akshare_stock_zh_a_spot,0
sh600305,恒顺醋业,6.52,0.01,0.154,6.52,6.53,6.51,6.55,6.61,6.48,5250304.0,34361397.0,14:22:56,2026-07-03T14:23:17+08:00,2026-07-03T14:23:17+08:00,akshare_stock_zh_a_spot,0
sh600307,酒钢宏兴,1.41,0.0,0.0,1.41,1.42,1.41,1.41,1.43,1.4,41001300.0,57986436.0,14:22:58,2026-07-03T14:23:17+08:00,2026-07-03T14:23:17+08:00,akshare_stock_zh_a_spot,0
sh600308,华泰股份,3.17,0.06,1.929,3.16,3.17,3.11,3.11,3.18,3.1,7559220.0,23788072.0,14:22:58,2026-07-03T14:23:17+08:00,2026-07-03T14:23:17+08:00,akshare_stock_zh_a_spot,0
sh600309,万华化学,69.53,0.93,1.356,69.53,69.54,68.6,69.48,71.0,68.08,32566884.0,2255137561.0,14:22:58,2026-07-03T14:23:17+08:00,2026-07-03T14:23:17+08:00,akshare_stock_zh_a_spot,0
sh600310,广西能源,4.08,-0.04,-0.971,4.07,4.08,4.12,4.09,4.16,4.03,40373559.0,164545301.0,14:22:59,2026-07-03T14:23:17+08:00,2026-07-03T14:23:17+08:00,akshare_stock_zh_a_spot,0
sh600312,平高电气,17.69,0.46,2.67,17.68,17.69,17.23,17.31,17.77,17.23,20539004.0,361174383.0,14:22:58,2026-07-03T14:23:17+08:00,2026-07-03T14:23:17+08:00,akshare_stock_zh_a_spot,0
sh600313,农发种业,5.38,0.03,0.561,5.38,5.39,5.35,5.35,5.41,5.3,14946200.0,80028840.0,14:22:58,2026-07-03T14:23:17+08:00,2026-07-03T14:23:17+08:00,akshare_stock_zh_a_spot,0
sh600315,上海家化,17.41,-0.12,-0.685,17.41,17.42,17.53,17.68,17.73,17.33,3129058.0,54714880.0,14:22:57,2026-07-03T14:23:17+08:00,2026-07-03T14:23:17+08:00,akshare_stock_zh_a_spot,0
sh600316,洪都航空,29.21,0.02,0.069,29.2,29.22,29.19,29.13,29.75,28.68,11831528.0,343468193.0,14:22:58,2026-07-03T14:23:17+08:00,2026-07-03T14:23:17+08:00,akshare_stock_zh_a_spot,0
sh600318,新力金融,6.36,0.11,1.76,6.35,6.36,6.25,6.3,6.38,6.23,10880630.0,68596968.0,14:22:58,2026-07-03T14:23:17+08:00,2026-07-03T14:23:17+08:00,akshare_stock_zh_a_spot,0
sh600319,亚星化学,6.56,0.03,0.459,6.55,6.56,6.53,6.58,6.7,6.45,3089300.0,20218189.0,14:22:52,2026-07-03T14:23:17+08:00,2026-07-03T14:23:17+08:00,akshare_stock_zh_a_spot,0
sh600320,振华重工,4.24,0.12,2.913,4.24,4.25,4.12,4.14,4.25,4.12,36098626.0,151251609.0,14:22:53,2026-07-03T14:23:17+08:00,2026-07-03T14:23:17+08:00,akshare_stock_zh_a_spot,0
sh600322,津投城开,3.12,0.03,0.971,3.12,3.13,3.09,3.13,3.23,3.04,107703321.0,337132926.0,14:22:47,2026-07-03T14:23:17+08:00,2026-07-03T14:23:17+08:00,akshare_stock_zh_a_spot,0
sh600323,瀚蓝环境,28.21,0.06,0.213,28.21,28.22,28.15,28.34,28.78,28.16,4416900.0,125881633.0,14:22:53,2026-07-03T14:23:17+08:00,2026-07-03T14:23:17+08:00,akshare_stock_zh_a_spot,0
sh600325,华发股份,2.37,0.02,0.851,2.37,2.38,2.35,2.36,2.39,2.32,47374990.0,111750335.0,14:22:52,2026-07-03T14:23:17+08:00,2026-07-03T14:23:17+08:00,akshare_stock_zh_a_spot,0
sh600326,西藏天路,6.78,0.12,1.802,6.77,6.78,6.66,6.66,6.79,6.66,18435672.0,124021604.0,14:22:54,2026-07-03T14:23:17+08:00,2026-07-03T14:23:17+08:00,akshare_stock_zh_a_spot,0
sh600327,大东方,3.32,0.07,2.154,3.32,3.33,3.25,3.25,3.35,3.23,10141300.0,33434666.0,14:22:52,2026-07-03T14:23:17+08:00,2026-07-03T14:23:17+08:00,akshare_stock_zh_a_spot,0
sh600328,中盐化工,6.2,-0.04,-0.641,6.19,6.2,6.24,6.24,6.27,6.12,14401580.0,88866027.0,14:22:52,2026-07-03T14:23:17+08:00,2026-07-03T14:23:17+08:00,akshare_stock_zh_a_spot,0
sh600329,达仁堂,39.92,0.82,2.097,39.91,39.92,39.1,39.42,40.34,39.37,4825454.0,191797573.0,14:22:54,2026-07-03T14:23:17+08:00,2026-07-03T14:23:17+08:00,akshare_stock_zh_a_spot,0
sh600330,天通股份,26.75,-1.15,-4.122,26.74,26.75,27.9,27.6,28.0,26.5,73653469.0,1999810787.0,14:22:53,2026-07-03T14:23:17+08:00,2026-07-03T14:23:17+08:00,akshare_stock_zh_a_spot,0
sh600331,宏达股份,11.85,0.53,4.682,11.84,11.85,11.32,11.57,12.03,11.33,66111719.0,770739849.0,14:22:54,2026-07-03T14:23:17+08:00,2026-07-03T14:23:17+08:00,akshare_stock_zh_a_spot,0
sh600332,白云山,21.18,0.39,1.876,21.17,21.18,20.79,20.84,21.18,20.81,7853364.0,164830828.0,14:22:53,2026-07-03T14:23:17+08:00,2026-07-03T14:23:17+08:00,akshare_stock_zh_a_spot,0
sh600333,长春燃气,5.52,0.27,5.143,5.51,5.52,5.25,5.24,5.53,5.23,15083778.0,81767395.0,14:22:53,2026-07-03T14:23:17+08:00,2026-07-03T14:23:17+08:00,akshare_stock_zh_a_spot,0
sh600335,国机汽车,4.99,0.2,4.175,4.98,4.99,4.79,4.84,5.04,4.82,14364800.0,71314800.0,14:22:54,2026-07-03T14:23:17+08:00,2026-07-03T14:23:17+08:00,akshare_stock_zh_a_spot,0
sh600336,澳柯玛,6.59,0.24,3.78,6.58,6.59,6.35,6.37,6.7,6.32,13129341.0,86042730.0,14:22:52,2026-07-03T14:23:17+08:00,2026-07-03T14:23:17+08:00,akshare_stock_zh_a_spot,0
sh600337,ST美克,3.16,0.05,1.608,3.16,3.17,3.11,3.11,3.2,3.11,10467700.0,33163200.0,14:22:54,2026-07-03T14:23:17+08:00,2026-07-03T14:23:17+08:00,akshare_stock_zh_a_spot,0
sh600338,西藏珠峰,15.14,0.0,0.0,15.13,15.14,15.14,15.35,15.5,15.02,36805229.0,560400808.0,14:22:52,2026-07-03T14:23:17+08:00,2026-07-03T14:23:17+08:00,akshare_stock_zh_a_spot,0
sh600339,中油工程,3.14,0.04,1.29,3.13,3.14,3.1,3.11,3.16,3.1,42193146.0,131861472.0,14:22:53,2026-07-03T14:23:17+08:00,2026-07-03T14:23:17+08:00,akshare_stock_zh_a_spot,0
sh600340,*ST华幸,1.22,0.01,0.826,1.22,1.23,1.21,1.21,1.24,1.18,55683303.0,67111509.0,14:22:53,2026-07-03T14:23:17+08:00,2026-07-03T14:23:17+08:00,akshare_stock_zh_a_spot,0
sh600343,航天动力,28.2,0.2,0.714,28.19,28.2,28.0,28.17,29.8,27.51,52612863.0,1501577427.0,14:22:53,2026-07-03T14:23:17+08:00,2026-07-03T14:23:17+08:00,akshare_stock_zh_a_spot,0
sh600345,长江通信,59.43,0.56,0.951,59.42,59.43,58.87,58.5,60.46,57.86,7932839.0,471860692.0,14:22:53,2026-07-03T14:23:17+08:00,2026-07-03T14:23:17+08:00,akshare_stock_zh_a_spot,0
sh600346,恒力石化,17.78,0.08,0.452,17.77,17.78,17.7,17.93,18.35,17.25,42228514.0,745028512.0,14:22:52,2026-07-03T14:23:17+08:00,2026-07-03T14:23:17+08:00,akshare_stock_zh_a_spot,0
sh600348,华阳股份,8.2,0.07,0.861,8.2,8.21,8.13,8.11,8.28,8.09,22675242.0,185633224.0,14:22:52,2026-07-03T14:23:17+08:00,2026-07-03T14:23:17+08:00,akshare_stock_zh_a_spot,0
